2468 3070
207 140 378 180 Proinde
409 139 561 176 Anochi
596 138 761 175 victoria
796 136 976 187 ponenda
1011 136 1089 173 erit
1116 135 1271 186 olymp.
1297 137 1441 182 LXV„
1535 148 1558 173 o
1594 143 1775 185 tempore
1808 134 2038 173 adolescens
2063 135 2271 173 admodum

209 189 395 242 Ageladas
423 197 516 226 erat.
545 187 697 225 Corsini
720 186 810 224 fast.
840 186 954 228 Attio,
981 193 1074 222 tom.
1096 187 1163 224 111.
1192 198 1231 234 p.
1260 186 1347 224 121.
1399 149 1752 229 Aliu‘du'l'arentini,
1778 185 1812 236 si
1836 192 1948 221 recte
1974 185 2121 230 divino,
2148 185 2269 222 athle-

207 248 269 276 tae
296 239 456 276 victoris
491 250 631 273 nomen
657 236 827 273 servavit
851 234 1055 272 Pausanias
1081 235 1147 280 V.,
1172 235 1235 281 25,
1261 235 1298 272 4.
1347 235 1569 294 Hippotion
1595 234 1699 271 enim
1727 233 1932 283 Olympiae
1962 235 2175 271 Herculem
2201 234 2271 271 de-

207 288 404 326 dicaverat
431 286 575 335 puerili
602 292 729 321 aetate
756 285 905 333 sagittis
931 285 1087 320 leonem
1113 286 1323 320 Nemaeum
1351 285 1621 320 conficientem
1682 284 1781 320 Cum
1807 296 1906 332 opus
1935 291 2040 320 esset
2066 283 2266 321 Nicodami

206 336 384 375 Maenalii
420 333 472 374 cf.
500 334 666 371 Siebelis
701 332 748 371 ad
785 334 936 370 Pausan
963 333 987 370 l.
1018 344 1072 379 c.,
1110 332 1178 384 qui
1213 332 1317 369 circa
1355 332 1509 381 Olymp.
1539 331 1620 371 XC.
1648 331 1784 367 ssoruit
1817 332 1941 379 sillig.
1970 333 2134 381 catalog.
2160 332 2266 369 artiff.

206 399 295 437 pag.
319 385 422 431 299..
450 383 588 428 habes,
616 384 719 420 unde
747 384 999 433 Hippotionis
1026 390 1192 419 aetatem
1219 384 1459 419 constituere
1487 382 1614 418 liceat.
1666 383 1717 418 At
1743 388 1919 431 quantam
1945 381 2139 419 arbitrere
2164 389 2264 418 tem-

203 448 344 484 porum
371 435 512 484 injuria
538 433 586 469 de
618 433 782 469 erditam
809 445 894 470 esse
920 432 1072 481 copiam
1098 431 1296 469 nominum
1332 444 1491 476 eorum,
1533 431 1601 481 qui
1629 433 1800 467 Tarento
1828 430 1985 467 oriundi
2012 438 2085 466 tam
2112 432 2152 468 in
2178 432 2263 469 aliis

204 484 423 522 certaminis
450 447 672 531 generibus,
700 495 813 532 quam
838 482 877 517 in
906 495 1033 528 cursu,
1061 482 1128 532 qui
1154 494 1229 530 pro
1257 494 1407 518 summo
1434 481 1588 517 habitus
1616 488 1676 517 est
1701 479 1839 525 (Fabri
1856 480 2018 528 agonist.
2034 480 2261 532 p.330sq.)‚

209 533 387 571 vicerint.
442 532 643 568 Maximam
672 532 812 580 procul
838 531 963 568 dubio'
984 544 1060 568 non
1088 531 1214 568 solum
1245 530 1419 568 athletici
1454 530 1611 567 roboris
1647 530 1832 579 gloriam,
1875 529 1944 564 sed
1971 529 2088 564 etiam
2113 537 2260 579 tempe-

205 581 349 617 rantiae
379 580 531 615 laudem
571 580 660 625 tulit
687 583 826 617 lccus
854 581 1084 628 Tarentinus
1113 582 1146 624 2)
1173 581 1397 617 Nicolaidae
1423 579 1543 624 filius,
1573 580 1639 629 qui
1667 579 1915 627 Olympieam
1943 590 2126 614 coronam
2153 580 2260 628 quin-

202 629 360 681 quertio
389 630 520 664 nescio
549 641 626 679 quo
655 642 753 665 anno
781 637 914 666 nactus
942 636 1002 666 est
1028 630 1181 666 Corsini
1209 630 1371 679 catalog.
1399 643 1440 677 p.
1472 630 1576 671 132..
1612 627 1845 675 Pythiorum
1873 628 1990 662 etiam
2017 635 2056 663 ct
2083 627 2262 665 Isthmio-

204 692 291 715 rum
317 679 451 716 victor
478 679 626 715 Aelian.
655 678 703 714 de
730 686 805 715 nat.
832 680 946 719 anim.
960 679 1038 724 Vl,
1065 680 1114 725 1.‚
1142 679 1312 727 optimus
1340 691 1431 714 suae
1458 677 1595 713 aetatis
1621 676 1780 721 athleta,
1809 675 1921 723 cujus
1949 682 2111 712 statuam
2127 676 2262 725 Olym·

204 728 287 777 piae
314 728 478 777 positam
506 728 602 763 vidit
627 729 836 764 Pausanias
863 729 945 775 V1.‚
973 729 1033 773 10,
1054 728 1089 765 2.
1141 728 1298 763 Floruit
1322 728 1385 763 hic
1414 728 1473 763 vir
1499 727 1603 762 circa
1630 724 1905 774 Olympiadem
1931 726 2034 761 Lxx
2045 728 2132 772 vlt„
2159 734 2262 763 teste

202 776 396 826 Stephano
423 779 513 825 Byz.
544 771 697 827 Ta'gmg.
724 776 776 814 cf.
807 777 946 825 Scalig.
976 770 1202 828 συναγωγή,
1229 776 1371 812 Milone
1398 775 1658 811 celeberrimo
1685 775 2000 810 crotoniatarum
2027 774 2173 811 athleta
2199 789 2261 812 ae—

203 832 280 862 tate
314 826 445 875 paullo
482 826 630 871 minor,
673 826 740 876 qui
769 825 1000 874 Olympiade
1026 828 1071 863 L.
1099 832 1308 861 coronatus
1343 837 1428 860 esse
1466 823 1713 861 scribebatur
1748 824 1786 859 in
1814 822 2008 860 chronicis
2037 825 2135 860 Gell.
2162 825 2259 871 XV„

203 877 273 920 16„
299 884 415 925 atque
443 876 567 911 sexies
602 874 873 923 Olympiorum
901 876 1031 911 vietor
1056 875 1306 920 Pausan.V1.,
1334 875 1394 919 1⁴,
1406 874 1443 912 2.
1470 873 1587 911 Diod.
1600 874 1697 918 X11.‚
1723 873 1760 908 9.
1785 872 1904 908 diruit
1926 872 2087 920 Sybarin
2108 873 2258 923 Olymp.

201 925 351 962 LXVII.
405 926 529 971 Heyn.
557 937 690 974 opusc.
718 926 764 963 ll.
791 937 827 973 p.
856 924 930 960 136
949 937 1006 973 sq.
1038 923 1085 960 ct'.
1113 923 1230 959 Fabri
1257 923 1420 972 agonist.
1449 936 1489 971 p.
1514 923 1565 958 94
1592 934 1651 971 sq.
1703 922 1781 957 leci
1808 921 1912 958 illius
1939 923 2013 969 jam
2039 922 2151 959 Plato
2178 936 2257 959 me-

201 974 310 1011 minit
345 975 503 1021 Protag.
531 976 579 1021 L,
616 975 650 1010 1.
678 987 715 1021 p.
743 974 827 1010 16-1.
853 972 975 1011 Behh.
1011 973 1105 1021 (316
1142 972 1277 1022 Steph.
1315 971 1365 1009 cf.
1392 970 1530 1022 Steph.
1558 973 1651 1019 Byz.
1678 970 1705 1009 l.
1735 975 1789 1014 c.)
1826 971 1875 1007 de
1910 971 2010 1020 legg.
2039 971 2128 1010 libr.
2159 974 2258 1012 vul.

202 1031 291 1060 tom.
322 1024 384 1058 111.
410 1036 450 1070 p.
475 1024 511 1060 3.
541 1036 627 1072 pag.
653 1024 715 1062 97.
744 1023 865 1060 Behh.
895 1024 989 1069 (810
1015 1023 1194 1071 steph),
1236 1022 1303 1071 qui
1339 1022 1472 1071 paullo
1500 1027 1591 1070 post
1619 1032 1708 1056 eum
1735 1020 1852 1065 vixit,
1898 1019 2002 1058 dicas
2028 1020 2151 1070 igitur
2179 1023 2258 1059 leci

200 1071 363 1122 gloriam
390 1084 480 1107 mox
507 1084 554 1107 ex
581 1072 687 1108 ltalia
714 1072 902 1120 perlatam
930 1082 1016 1106 esse
1043 1071 1082 1105 in
1121 1072 1243 1120 ipsam
1267 1069 1497 1114 Graeciam,
1551 1070 1625 1104 nisi
1661 1068 1767 1105 forte
1797 1069 1928 1114 Plato,
1980 1082 2067 1106 eum
2093 1072 2258 1107 Tarenti

200 1128 284 1158 erat
322 1122 434 1156 Corn.
463 1122 563 1168 Nep.
592 1121 666 1156 Dio
695 1124 753 1162 11„
788 1121 823 1156 2.
853 1119 902 1155 de
938 1132 985 1155 eo
1023 1119 1124 1156 fama
1158 1119 1370 1156 audiverat.
1433 1121 1581 1157 Verum
1618 1118 1805 1168 majorem
1839 1117 1961 1154 habes
1996 1119 2068 1154 viri
2103 1120 2259 1156 laudem

200 1182 315 1219 quam
342 1168 392 1203 ob
415 1169 687 1204 fortitudinem
716 1168 766 1204 ob
795 1169 1091 1213 continentiam,
1120 1170 1213 1219 quip
1246 1181 1267 1204 e
1295 1169 1407 1212 enim,
1434 1181 1554 1218 quum
1579 1167 1673 1203 Milo
1700 1180 1875 1216 magnam
1901 1167 2077 1203 ciborum
2103 1171 2257 1217 portio-

199 1229 288 1254 nem
326 1217 553 1253 comederet
594 1218 733 1254 Athen.
761 1219 808 1253 X.
845 1231 931 1268 pag.
958 1219 995 1256 8.
1033 1182 1251 1266 Schweigfi.
1292 1218 1443 1256 Villois.
1472 1215 1607 1253 anecd.
1635 1217 1665 1255 l.
1698 1229 1737 1265 p.
1775 1217 1862 1254 291.
1897 1216 2143 1265 Barthelemy
2179 1218 2257 1254 iter

199 1267 406 1305 Anachars.
433 1274 526 1304 tom.
545 1269 589 1303 ll.
609 1281 645 1317 p.
670 1268 768 1311 123..
795 1270 902 1304 Iccus
929 1266 1048 1303 modo
1077 1267 1210 1304 sobrio
1238 1267 1343 1304 victu
1373 1279 1516 1316 corpus
1543 1265 1752 1301 humanum
1778 1265 2031 1302 corroborari
2057 1266 2257 1304 intellexe-

199 1326 269 1353 rat.
323 1315 454 1370 Quare
482 1317 628 1363 primus
657 1319 789 1365 coepit
830 1317 1111 1366 temperantius
1137 1317 1274 1354 vivere
1301 1318 1363 1364 (ut
1388 1325 1499 1352 reete
1526 1314 1677 1351 Aeliani
1702 1315 1823 1352 verba
1850 1315 2060 1364 explicavit
2087 1316 2256 1354 Perizo-

200 1366 284 1401 nius
310 1364 460 1412 rejecta
486 1365 604 1400 Fabri
633 1364 859 1414 conjectura
885 1366 924 1401 in
951 1367 1114 1414 agonist.
1141 1378 1180 1414 p.
1206 1366 1315 1409 237.)
1344 1378 1415 1413 per
1440 1371 1567 1400 totum
1593 1371 1749 1412 tempus
1779 1365 1999 1400 certaminis
2028 1365 2072 1408 3),
2108 1365 2257 1416 absque

202 1415 357 1451 Venere
385 1415 496 1460 plane
524 1414 718 1451 abstinuit.
744 1415 892 1450 Aelian.
918 1415 965 1452 V.
992 1416 1042 1450 H.
1067 1416 1142 1458 XL,
1169 1415 1208 1452 3.
1234 1420 1309 1449 nat.
1335 1414 1448 1450 anim.
1473 1414 1553 1457 VI„
1582 1413 1617 1451 1.
1644 1417 1687 1456 (e
1712 1412 1920 1457 Platone);
1948 1425 2024 1463 quo
2045 1413 2254 1453 artificioso

198 1461 327 1499 studio
355 1474 432 1497 non
457 1462 573 1498 modo
593 1464 772 1512 eorporis
790 1463 1001 1512 agilitatem
1016 1470 1149 1498 nactus
1168 1469 1240 1507 est,
1270 1462 1340 1497 sed
1356 1464 1472 1497 etiam
1498 1459 1546 1499 τό
1568 1457 1679 1510 μετοῖ
1708 1463 1785 1498 τοῦ
1811 1470 2033 1512 σωφρονεῖν
2059 1457 2256 1513 ἀνδρεῖον

199 1513 243 1550 ἐν
270 1512 322 1561 τῇ
350 1512 478 1563 ψυχῇ,
505 1520 549 1547 ut
575 1513 688 1548 Plato
716 1513 769 1549 ait
796 1512 844 1548 de
871 1513 972 1562 legg.
999 1512 1023 1548 l.
1049 1525 1082 1549 c.
1111 1511 1160 1552 cf.
1188 1511 1323 1551 Galen.
1353 1510 1403 1548 de
1429 1510 1526 1548 locis
1553 1509 1704 1547 affectis
1732 1509 1799 1546 lib.
1826 1512 1891 1551 VI.
1942 1511 2047 1547 Abiit
2073 1512 2193 1561 igitur
2219 1515 2257 1550 in

199 1561 456 1612 proverbium
478 1560 619 1600 ’Ἱκκου
654 1560 828 1600 δεῖπνον
862 1562 911 1597 de
951 1562 1084 1597 sobrie
1124 1569 1163 1597 et
1199 1561 1334 1596 illaute
1371 1560 1624 1597 coenantibus
1661 1561 1840 1596 Eustatb.
1870 1561 1929 1597 ad.
1960 1562 2068 1598 mon.
2096 1563 2256 1613 Perieg.

197 1613 284 1650 276.
311 1611 359 1647 ad
385 1612 486 1651 lliad.
516 1626 534 1649 ε
561 1625 603 1660 p.
630 1613 715 1648 610.
744 1614 878 1656 Rom.,
926 1610 1097 1661 indeque
1123 1610 1271 1647 factum
1297 1610 1476 1656 videtur,
1521 1617 1565 1646 ut
1591 1605 1732 1659 ἰατρός
1761 1611 2025 1659 appellaretur
2050 1624 2070 1646 a
2097 1611 2255 1661 quibus-

197 1660 283 1696 dam
318 1660 493 1698 Eustath.
523 1661 564 1698 ll.
592 1673 646 1696 cc.
675 1661 812 1709 Steph.
841 1663 934 1707 Byz.
970 1656 1119 1710 Τάρας.
1173 1661 1272 1696 Satis
1308 1659 1420 1695 nobis
1456 1667 1515 1695 est
1558 1664 1605 1695 ad
1638 1660 1912 1696 declarandum
1948 1660 2021 1696 viri
2058 1661 2255 1709 ingenium

196 1710 352 1746 unicum
387 1711 493 1758 ejus,
542 1710 647 1758 quod
684 1711 931 1747 conservavit
954 1711 1068 1747 Plato
1096 1711 1254 1758 Protag.
1281 1709 1309 1746 l.
1338 1721 1371 1744 e.
1400 1708 1565 1753 dictum,
1608 1722 1686 1758 quo
1723 1717 1814 1756 apte
1842 1709 2100 1758 sophistarum
2127 1719 2254 1748 artem

198 1759 468 1806 gymnasticam
497 1759 701 1802 (videlicet
727 1759 885 1806 mentis)
912 1766 1144 1802 vocaverat,
1184 1758 1287 1794 haud
1314 1757 1508 1793 immerito
1537 1758 1657 1807 igitur
1684 1752 1812 1808 σοφόν
1840 1757 1936 1795 dixit
1965 1760 2087 1795 lecum
2115 1759 2254 1798 Eusta-

196 1806 301 1843 thius
329 1806 376 1842 ad
405 1806 497 1842 lliad
525 1807 550 1845 l.
580 1819 612 1845 e.
652 1807 917 1857 Comprobant
940 1806 1036 1844 haec
1066 1809 1115 1844 de
1132 1810 1219 1843 leco
1249 1808 1412 1842 recitata
1439 1818 1482 1842 ea
1508 1819 1607 1856 quae
1634 1809 1727 1843 olim
1754 1808 1833 1843 dixi
1860 1808 1908 1843 de
1934 1808 1973 1843 vi
2002 1811 2254 1857 gymnastices

197 1856 245 1891 ad
272 1856 573 1892 conservandam
601 1869 754 1893 morum
788 1857 1013 1892 castitatem.
1065 1857 1173 1893 Alius
1202 1856 1369 1904 denique
1395 1863 1634 1891 memoratur
1661 1857 1806 1893 athleta
1834 1856 2066 1892 Tarentinus
2092 1857 2205 1902 ,Μῦς
2232 1874 2255 1897 a

197 1904 317 1941 Suida
342 1906 426 1950 XL,
458 1906 483 1941 7
511 1904 661 1941 Schott.
690 1905 739 1943 cf.
770 1905 917 1941 Zenob.
946 1907 1014 1951 V.,
1052 1907 1111 1942 46.
1141 1907 1178 1941 in
1205 1905 1433 1953 explicando
1460 1905 1672 1953 proverbio
1701 1906 1775 1945 ὅσα
1798 1907 1883 1956 μῦς
1909 1907 1954 1943 ἐν
1981 1908 2103 1957 πίσση
2130 1908 2179 1945 de
2206 1910 2254 1947 iis

197 1952 315 1997 dicto,
343 1954 410 2002 qui
437 1967 575 2003 magno
603 1966 689 1990 cum
717 1954 850 1990 labore
878 1954 1050 2000 vincunt,
1077 1967 1150 1990 non
1181 1954 1299 1989 ducto
1326 1967 1347 1989 a
1372 1954 1560 2000 muribus,
1586 1955 1653 1991 sed
1681 1969 1701 1991 a
1728 1958 1839 1992 Mure
1870 1953 2084 1993 Tarentino
2097 1959 2253 2007 pugile3

195 2003 228 2038 is
256 2002 358 2038 enim
385 2003 497 2038 Pisae
523 2004 558 2050 ιι>
586 2011 813 2039 concertans
840 2016 959 2053 quum
984 2004 1127 2040 multos
1153 2003 1315 2040 haberet
1343 2003 1578 2041 constitutos
1606 2004 1851 2043 adversarios
1877 2005 2054 2054 pluribus
2081 2009 2253 2057 acceptis

153 2082 156 2090 .
196 2051 319 2102 plagis
346 2064 463 2102 aegre
490 2053 584 2088 vicit
613 2053 761 2101 Olymp.
791 2052 835 2091 C.

347 2102 580 2138 Tarentinos
607 2102 824 2139 hieronicas
853 2101 993 2138 eodem
1054 2115 1104 2138 uo
1133 2103 1374 2139 Graecorum
1410 2102 1505 2139 alios
1531 2101 1684 2139 honore
1708 2103 1844 2154 dignos
1871 2102 2021 2140 habitos
2048 2116 2135 2141 esse
2162 2117 2256 2154 pro·

195 2150 321 2187 babile
351 2158 422 2196 est,
450 2158 494 2187 ut
519 2151 557 2186 in
587 2160 773 2201 prytaneo
802 2159 1013 2188 coenarent
1078 2152 1194 2189 itruv.
1223 2152 1348 2201 praei.
1376 2154 1455 2196 lx..
1484 2153 1518 2188 1.
1544 2153 1658 2189 Plato
1686 2155 1843 2203 apolog.
1872 2166 1912 2202 p.
1940 2154 2003 2192 37.
2030 2153 2166 2203 Steph.
2194 2156 2255 2240 51„

194 2201 231 2239 2.
258 2213 297 2249 p.
323 2201 408 2237 130.
437 2200 593 2250 Belin).
624 2203 768 2238 Pausan
800 2203 857 2247 V.,
895 2202 957 2248 15,
982 2203 1019 2240 8.
1050 2200 1103 2241 cf.
1130 2204 1283 2251 Ignarra
1319 2201 1367 2238 de
1393 2202 1575 2251 palaestr.
1606 2204 1728 2252 Neap.
1754 2216 1795 2251 p.
1821 2204 1881 2239 70.
1912 2225 1959 2231 —-
1987 2203 2173 2240 Ceterum
2215 2217 2252 2240 a-

195 2250 269 2286 cile
295 2250 535 2298 perspicitur
560 2251 620 2287 rei
646 2251 901 2299 gymnasticae
940 2251 1108 2288 studium
1137 2265 1183 2288 ex
1214 2253 1294 2300 ipsa
1322 2252 1447 2300 patria
1473 2251 1521 2287 ad
1548 2252 1709 2288 colonos
1736 2252 1899 2296 abiisse,
1936 2253 2113 2302 quoniam
2137 2253 2254 2302 Spar-

195 2305 302 2335 tanos
330 2306 370 2334 et
395 2300 435 2334 in
462 2299 608 2343 stadio,
652 2300 758 2346 etin
790 2299 1014 2349 pentathlo‚
1061 2307 1101 2336 et
1128 2302 1165 2335 in
1192 2301 1404 2336 luctatione
1432 2300 1673 2349 frequentius
1702 2302 1870 2337 victores
1898 2303 2062 2350 scriptos
2088 2303 2254 2352 legimus

194 2348 234 2383 in
261 2348 445 2396 catalogis
471 2361 507 2386 V.
535 2349 677 2385 Miiller
703 2350 800 2387 Dor.
829 2351 880 2390 11.·
904 2363 942 2398 p.
965 2350 1064 2395 307„
1097 2349 1294 2386 Tarentini
1322 2349 1441 2398 igitur
1467 2349 1582 2385 sicuti
1609 2350 1861 2386 Crotoniatae
1888 2350 1925 2385 iu
1952 2351 2138 2399 eligendis
2165 2364 2254 2388 cer-

196 2396 378 2433 taminum
414 2397 624 2446 generibus
659 2398 829 2446 patrium
866 2399 1087 2447 exemplum
1115 2400 1238 2434 secuti
1266 2411 1350 2433 esse
1378 2398 1591 2434 videantur.
1643 2400 1784 2435 Miiller
1810 2401 1833 2435 l.
1861 2411 1893 2435 c.
1920 2413 1958 2448 p.
1982 2400 2057 2436 308
2078 2413 2134 2450 sq.
2190 2402 2204 2436 l
2237 2422 2253 2429 -

194 2459 280 2482 sum
305 2446 507 2482 Tarentini
533 2446 789 2483 Phalanthum
814 2447 922 2484 urbis
960 2447 1204 2485 conditorem
1239 2446 1380 2483 bonum
1412 2446 1621 2493 prodidere
1648 2447 1850 2493 athletam,
1886 2449 2031 2497 quippe
2057 2461 2175 2498 quem
2202 2414 2251 2486 fb

197 2495 368 2532 Hercule
397 2496 567 2532 omnium
593 2496 824 2533 athletarum
854 2497 1034 2546 exemplo
1069 2497 1205 2534 dixere
1232 2504 1412 2534 octavum
1437 2498 1513 2533 Dio
1543 2499 1643 2534 Cass.
1671 2499 1831 2534 LXXIX
1847 2525 1858 2543 ‚
1886 2499 1960 2544 10,
1985 2509 2028 2533 ac
2054 2498 2253 2547 perdura-

193 2580 250 2614 Sic
271 2581 441 2631 Micythus
465 2589 499 2613 et
519 2582 720 2626 SmieythuS.
784 2585 811 2622 ²)
832 2583 1025 2627 Rheginum
1055 2589 1155 2615 vocat
1182 2583 1375 2615 Eustathius
1406 2583 1449 2615 ad
1477 2582 1575 2616 Iliad.
1597 2595 1612 2615 ε
1640 2593 1718 2626 pag.
1740 2586 1813 2617 610.
1836 2582 1889 2614 cd.
1914 2583 2001 2614 Rom
2029 2582 2120 2616 haud
2148 2584 2254 2618 dubie

193 2623 268 2657 solo
292 2628 481 2667 scripturae
503 2625 598 2658 vitio.
653 2627 679 2664 ³)
702 2625 803 2672 Quod
825 2631 897 2657 erat
920 2626 1037 2657 decem
1059 2625 1234 2661 mensium,
1258 2626 1383 2667 quibus
1406 2625 1448 2656 ad
1470 2625 1653 2656 certamina
1676 2626 1820 2656 athletae
1844 2625 2035 2656 castimonia
2057 2635 2132 2658 sese
2156 2637 2252 2671 prae-

195 2666 372 2710 parabant.
415 2666 557 2700 Pausan.
583 2667 636 2704 V.,
659 2667 713 2704 24,
736 2667 767 2700 2.
793 2667 822 2698 V
829 2667 867 2706 1,
888 2670 942 2708 24,
963 2672 995 2703 3.
1038 2668 1188 2700 Eustath.
1211 2668 1253 2699 ad
1275 2667 1370 2700 Iliad.
1394 2680 1433 2699 ω.
1458 2679 1492 2710 p.
1519 2670 1610 2706 1472.
1639 2667 1742 2698 Fabri
1764 2667 1910 2708 agonist.
1942 2678 1975 2709 p.
2002 2667 2065 2700 235
2087 2679 2137 2712 sq.
2175 2669 2251 2700 Om-

196 2708 275 2741 nino
298 2707 339 2740 de
363 2707 567 2741 abstinentia
589 2709 790 2741 athletarum
813 2720 832 2741 a
847 2710 986 2741 Venere
1011 2710 1236 2741 consulendus
1259 2715 1310 2740 est
1331 2710 1486 2741 Clemens
1513 2708 1610 2741 Alex.
1633 2714 1748 2740 strom.
1771 2709 1834 2741 111.
1856 2714 1935 2741 tom.
1959 2709 1986 2741 1.
2007 2720 2043 2752 p.
2064 2712 2140 2752 534.
2162 2711 2250 2743 Pott.

198 2752 249 2782 Ue
269 2750 347 2782 Icco
370 2750 424 2781 adi
446 2751 596 2783 Fabrum
617 2764 650 2795 p.
673 2753 747 2786 237.
809 2752 840 2793 ⁴)
863 2752 1028 2785 Rusterus
1050 2758 1143 2784 recte
1166 2751 1402 2784 animadvertit
1423 2750 1638 2783 scribendum
1664 2760 1735 2783 esse
1757 2752 1871 2796 Πίσῃ,
1901 2750 2085 2784 dummodo
2107 2762 2186 2784 vera
2206 2752 2250 2784 sit

193 2791 320 2824 Suidae
343 2791 536 2834 explicatio.
579 2793 624 2825 At
645 2793 754 2824 simile
777 2799 828 2825 est
850 2804 868 2825 a
895 2794 942 2826 ud
962 2794 1101 2826 Suidam
1124 2795 1345 2837 proverbium
1366 2791 1429 2835 μῦς
1451 2791 1530 2834 ἄρτι
1553 2797 1674 2834 πίττης
1695 2792 1871 2835 γευόμενος
1897 2793 1939 2825 de
1962 2794 2000 2826 iis
2022 2794 2164 2834 dictum,
2240 2794 2248 2802 ⁰

192 2844 271 2866 cum
313 2840 395 2867 ante
438 2834 583 2868 audaces
628 2841 760 2875 essent,
802 2835 916 2869 subito
959 2837 1044 2868 fiunt
1085 2835 1194 2869 timidi
1239 2836 1283 2868 cf.
1312 2835 1515 2879 Diogenian.
1537 2835 1600 2875 11.‚
1641 2838 1696 2876 64.
1732 2836 1891 2879 provenb.
1917 2836 2075 2871 Vaticani.
2099 2837 2157 2874 11.‚

1789 2875 1853 2914 3*
