2468 3070
1117 34 1120 38 ’
1175 50 1230 87 22

179 165 319 204 arehit.
349 169 447 200 tom.
476 162 522 200 11.
552 174 591 209 p.
622 161 698 195 loo
716 172 793 209 sq.,
820 170 959 208 quam,
995 157 1028 193 si
1056 156 1105 193 de
1130 157 1332 193 Paestanis
1358 157 1480 193 ruinis
1508 158 1766 207 cogitaveris,
1802 160 1902 198 bene
1930 164 2149 214 conjicere,
2187 168 2254 203 sed

181 215 287 253 nullo
322 211 477 249 firmare
517 208 740 246 testimonio
777 208 885 245 licet.
913 206 1009 246 ibid.
1040 213 1137 245 tom.
1168 207 1197 246 1.
1225 220 1264 257 p.
1291 207 1367 243 236
1391 219 1449 257 sq.
1505 208 1744 257 Comprobat
1783 211 1939 248 omnino
1967 214 2254 253 architecturae

181 268 221 302 in
235 265 375 312 Magna
402 260 569 297 Graecia
594 258 735 295 florem
760 257 951 315 templum
978 256 1114 306 ingens
1141 257 1303 293 Junonis
1328 257 1521 302 Laciniae,
1547 261 1778 296 marmoreis
1804 261 1948 311 tegulis
1975 269 2138 309 tectum,
2194 280 2254 302 ua-

183 326 271 352 rum
296 310 494 349 dimidiam
520 315 673 359 partem
709 306 800 343 satis
836 309 925 343 tore
960 304 1008 341 ad
1042 305 1255 355 tegendum
1282 306 1481 343 Fortunae
1509 308 1703 357 equestris
1730 310 1920 358 templum
1947 319 2052 347 ratus
2080 320 2139 348 est
2164 280 2256 351 lint-

184 365 269 402 vius
296 362 462 398 Flaccus
489 371 627 395 censor
653 371 687 396 a.
715 370 754 395 u.
783 370 817 393 c.
844 357 918 393 581
936 383 947 401 ,
976 355 1043 405 qui
1070 355 1238 392 iaciebat
1265 356 1374 392 eniso
1402 356 1554 402 studio,
1582 369 1629 393 ne
1659 357 1733 394 hoc
1761 358 1881 395 ullum
1909 362 2057 398 Romae
2092 362 2254 411 amplius

186 421 252 451 aut
285 409 592 460 magnificentius
622 406 812 456 templum
848 412 963 445 esset.
1009 404 1095 445 Liv.
1123 405 1250 451 XLIL,
1273 406 1310 444 3.
1337 405 1401 445 28.
1431 405 1557 445 Valer.
1584 408 1680 446 Max.
1713 410 1753 453 1.,
1782 409 1817 453 1,
1843 409 1907 447 20.
1934 410 2109 449 Lactant.
2136 412 2256 452 instit.

186 466 244 507 11„
268 462 309 501 7.
362 458 664 506 Conspiciuntur
690 457 728 491 in
756 456 920 499 nummis
950 454 1170 491 Tarentinis
1207 455 1475 491 columnarum
1516 457 1685 504 capitula
1711 458 1896 494 Mionnet.
1924 465 2017 494 tom.
2046 459 2071 495 l.
2100 473 2140 507 p.
2168 463 2254 500 140,

187 514 275 550 142.
307 510 390 547 143.
419 509 503 544 148.
533 506 736 555 Supplem.
764 512 859 541 tom.
888 504 915 542 l.
943 517 982 553 p.
1011 504 1121 549 286.,
1160 516 1289 554 neque
1316 512 1446 541 tamen
1479 506 1604 542 omnia
1634 506 1861 552 Doriensia,
1912 506 2038 557 qualia
2065 520 2258 558 vocamus,

190 562 324 606 fuisse,
349 556 548 593 interdum
578 555 737 605 quidem
764 561 926 603 reperta
952 553 1134 589 Riedesel
1162 566 1200 602 p.
1216 555 1303 600 209,
1329 555 1475 591 indicio
1505 563 1563 591 est
1591 556 1800 604 capitulum
1828 556 2008 593 Jonicum
2036 558 2074 593 in
2101 571 2256 595 nummo

189 610 291 661 apud
323 607 516 645 Mionnet.
543 613 635 644 tom.
662 605 687 643 l.
715 618 754 654 p.
783 605 870 642 138.
925 602 1245 639 Architectorum
1291 604 1418 652 patria
1458 606 1757 641 Tarentinorum
1794 613 1953 654 praeter
1990 606 2197 655 Archytam
2223 610 2257 653 ⁹)

189 672 304 697 unum
331 656 451 693 modo
478 657 656 691 novimus
684 665 851 702 eumque
889 653 1019 688 malae·
1046 659 1160 687 notae
1193 652 1394 688 hominem
1425 654 1774 699 Heraclidem,
1821 656 1888 704 qui
1915 655 2009 691 belli
2034 658 2172 693 Punici
2199 671 2256 694 se-

190 708 308 745 cundi
333 713 517 753 tempore
544 703 683 737 urbem
711 715 817 737 suam
845 702 1027 736 Romanis
1055 700 1270 735 traditurus
1297 702 1344 736 ad
1370 702 1596 750 Philippum
1626 704 1876 739 Macedoniae
1903 716 1946 739 re
1977 717 2038 739 em
2065 705 2256 754 confugit.

191 758 263 794 Cui
292 755 450 805 quidem
477 753 690 801 pollicitus,
716 763 758 786 se
787 750 912 786 solum
939 749 1185 786 Rhodiorum
1213 750 1375 786 classem
1402 750 1648 788 incensurum
1677 765 1774 797 csse,
1802 765 1921 809 quum
1978 753 2041 790 olo
2069 754 2258 802 perfecis-

191 814 263 848 set,
289 806 329 840 in
358 802 628 840 Macedoniam
655 812 839 837 reversus
867 799 1037 848 primum
1064 799 1194 834 locum
1221 799 1320 834 inter
1346 800 1491 836 amicos
1519 801 1695 850 Philippi
1718 809 1855 840 tenuit.
1892 801 2075 850 Polyaen.
2107 804 2167 848 V.,
2196 805 2256 850 17,

190 859 226 894 2,
248 857 297 898 ¹0)
324 853 476 889 Scriori
504 858 627 887 aetate
656 863 731 885 una
759 862 845 885 cum
874 848 1060 884 aediliciis
1090 849 1260 897 collapsa
1288 856 1347 884 est
1374 849 1600 886 aedificandi
1627 851 1798 896 scientia,
1826 863 1939 887 nemo
1962 852 2064 887 enim
2084 852 2258 890 inclitum

191 904 288 941 illud
314 902 478 940 Junonis
506 899 685 936 Laciniae
707 898 898 948 templum
925 897 1094 934 relicere
1122 905 1237 947 atque
1264 897 1477 934 instaurare
1504 899 1649 948 potuit.
1702 900 1804 939 Ilirt.
1832 907 1929 938 tom.
1958 902 2003 937 11.
2032 913 2073 951 p.
2101 903 2186 942 182.

866 973 908 1019 5)
935 972 1156 1020 Sculplura,
1182 974 1384 1015 statuaria,
1406 974 1580 1020 plastice.

345 1042 559 1088 Sculptu
572 1054 621 1075 ra
650 1047 690 1075 et
717 1039 999 1083 statuaria,
1027 1038 1200 1085 quamvis
1229 1039 1323 1074 artis
1351 1037 1536 1086 operibus
1563 1038 1702 1075 urbem
1729 1054 1835 1078 suam
1876 1042 1980 1078 cives
2019 1054 2255 1089 magnopere

191 1091 468 1131 exornaverint
494 1112 542 1117 —-
578 1086 746 1138 probant
789 1088 891 1124 enim
935 1086 1136 1136 signorum
1178 1087 1467 1123 multitudinem
1502 1095 1704 1124 auctorum
1740 1090 1814 1126 loci
1852 1090 1957 1128 Flor.
1986 1091 2025 1136 l.,
2062 1092 2120 1126 16.
2149 1091 2255 1130 Plut.

192 1143 287 1179 Fab.
316 1143 379 1178 22.
405 1141 490 1176 Liv.
517 1140 690 1181 XM‘ll„
718 1139 777 1172 16.
803 1158 852 1163 -
879 1144 1008 1171 tamen
1045 1136 1148 1183 apud
1179 1139 1430 1181 Tarentinos,
1464 1138 1598 1184 paucis
1627 1141 1797 1187 exceptis
1825 1140 2033 1187 generibus
2062 1139 2258 1176 fabrilium

192 1202 373 1241 Operum,
401 1186 522 1226 veluti
549 1197 757 1234 scaporum
784 1183 875 1220 vide
902 1184 951 1219 de
980 1183 1086 1219 civit.
1117 1185 1272 1223 Tan-ent,
1303 1198 1341 1232 p.
1372 1186 1449 1230 13.,
1479 1197 1553 1220 non
1581 1185 1790 1221 admodum
1818 1188 1951 1223 floruit
1977 1195 2014 1222 at
2045 1200 2093 1223 ue
2120 1189 2256 1236 viguit.

189 1242 336 1277 Mirum
365 1238 487 1282 enim,
524 1249 570 1271 ne
599 1236 719 1270 ullum
748 1234 905 1282 quidem
934 1233 1140 1281 utriusque
1167 1235 1260 1269 artis
1288 1235 1484 1270 alumnum
1512 1235 1637 1271 civem
1667 1236 1919 1274 Tarentinum
1946 1237 2063 1285 proci
2088 1251 2108 1272 a
2137 1238 2258 1286 scrip-

191 1288 360 1331 toribus,
390 1298 475 1322 cum
503 1286 688 1318 Demeam
715 1283 799 1318 sive
827 1284 1011 1316 Dameam
1038 1280 1246 1316 habeamus
1274 1283 1557 1326 Crotoniatam,
1599 1284 1665 1331 qui
1694 1285 1892 1332 popularis
1921 1286 1980 1320 sui
2007 1286 2158 1320 Milonis
2186 1293 2259 1320 sta-

193 1347 299 1375 tuam
327 1349 418 1374 aere
444 1333 544 1371 fudit
572 1333 672 1369 circa
700 1331 859 1380 Olymp.
888 1331 970 1368 LX.
997 1330 1156 1369 Pausan.
1183 1331 1261 1377 Vl„
1288 1331 1348 1374 14,
1374 1331 1409 1368 2.
1439 1330 1559 1380 Sillig.
1588 1332 1752 1382 catalog.
1781 1346 1817 1382 p.
1846 1333 1945 1380 179„
1973 1333 2106 1370 eadem
2135 1334 2259 1384 patria

192 1387 438 1424 Patrocle-in,
468 1384 533 1431 qui
562 1383 731 1416 buxeum
759 1388 799 1415 et
827 1381 957 1427 capite
985 1387 1162 1414 auratum
1188 1381 1379 1426 Apollinis
1422 1380 1519 1415 fecit
1555 1381 1801 1416 simulacrum
1827 1396 1847 1417 a
1876 1386 2011 1418 Locris
2040 1384 2260 1431 Epizephy-

192 1436 262 1473 riis
292 1432 492 1483 Olvmpiac
528 1429 770 1475 dedicatum,
818 1428 992 1464 incertae
1028 1428 1163 1464 aetatis
1203 1428 1340 1465 virum.
1371 1429 1533 1464 Pausan.
1565 1429 1640 1474 V1.,
1678 1431 1737 1473 19,
1772 1431 1808 1468 3.
1837 1429 1883 1467 cf.
1913 1431 2026 1466 Bossi
2059 1431 2150 1470 hist,
2177 1432 2257 1470 Ital.

194 1494 291 1523 tom.
322 1477 367 1522 1'1.
394 1497 434 1531 p.
462 1484 548 1519 2⁰0.
576 1489 667 1520 tom.
693 1481 759 1518 Vl.
787 1492 827 1527 p.
854 1480 943 1516 362.
995 1477 1200 1514 Nobilitati
1227 1478 1440 1514 artificibus
1468 1479 1546 1514 suis
1576 1492 1669 1527 prae
1698 1480 1779 1515 aliis
1809 1480 1938 1516 ltaliae
1967 1480 2128 1517 urbibus
2156 1481 2261 1518 Rhe-

196 1535 250 1586 gii
276 1533 431 1570 silentio
458 1536 702 1580 praeteream
737 1528 862 1564 civem
896 1526 1139 1562 notissimum
1165 1526 1425 1577 Pythagoram
1452 1529 1555 1563 circa
1584 1528 1738 1577 Olymp.
1766 1529 1919 1567 LXXX.
1948 1529 2069 1578 Sillig.
2099 1543 2135 1577 p.
2162 1532 2260 1575 399„

194 1596 413 1622 memorem
441 1581 542 1617 illius
580 1585 887 1629 praeceptorem
915 1576 1146 1614 Clearchum
1174 1577 1337 1616 Pausan.
1364 1578 1443 1623 Vl„
1469 1578 1505 1624 4,
1533 1579 1569 1615 2.
1599 1576 1797 1615 diversum
1825 1592 1845 1615 a
1872 1577 2051 1616 Learcho
2079 1578 2260 1629 Rhegino

196 1634 351 1670 artifice
378 1631 642 1678 antiquissimo
669 1631 831 1663 Pausan.
849 1628 921 1672 lll.,
948 1628 1008 1670 17,
1028 1629 1064 1662 6.
1079 1635 1118 1662 et
1145 1627 1365 1662 Sostratum
1392 1628 1623 1674 discipulum
1649 1628 1750 1665 Plin.
1767 1629 1956 1672 xxxlv„
1985 1630 2095 1673 19‚5,
2125 1630 2261 1677 Neque

198 1684 248 1720 ita
276 1681 358 1718 rari
384 1679 544 1716 suerunt
571 1677 676 1726 apud
702 1675 1032 1713 Lacedaemonios
1069 1674 1185 1724 hujus
1224 1675 1378 1725 generis
1413 1676 1604 1721 artifices,
1650 1676 1851 1712 Tarentini
1878 1683 2013 1713 contra
2041 1689 2117 1713 non
2143 1677 2261 1715 modo

197 1729 469 1768 constituenda
501 1727 666 1774 Delphis
703 1733 821 1774 atque
849 1725 1055 1772 Olympiae
1092 1734 1342 1760 monumenta
1378 1739 1444 1760 sua
1472 1727 1632 1760 Graecis
1667 1725 1865 1761 tradidere
1893 1725 2105 1761 artificibus
2134 1726 2263 1763 elabo-

196 1780 329 1825 randa,
356 1776 549 1826 Ageladae
576 1777 736 1812 l'ausan.
766 1775 827 1819 X.,
853 1775 913 1817 10,
939 1773 975 1808 3.
1011 1773 1083 1817 vl„
1113 1774 1171 1816 14.
1197 1775 1247 1819 5„
1277 1772 1425 1809 Onatae
1454 1781 1492 1808 et
1520 1773 1706 1820 Calyntho
1734 1776 1794 1819 X.,
1821 1775 1882 1818 13,
1907 1775 1957 1817 5„
1984 1786 2121 1808 verum
2148 1775 2263 1809 etiam

196 1830 306 1867 urbis
333 1817 426 1863 sude
455 1826 559 1875 signa
587 1833 703 1874 atquc
732 1822 876 1859 decora
902 1822 948 1858 ab
975 1822 1050 1858 illis
1078 1830 1263 1858 curarunt
1291 1822 1544 1867 conficienda,
1570 1823 1783 1859 Herculem
1812 1829 1851 1858 et
1877 1823 2017 1858 Jovem
2042 1835 2063 1858 a
2089 1822 2262 1872 Lysippo

196 1881 295 1915 I'lin.
321 1877 513 1918 xxxw..
542 1877 601 1912 18.
628 1873 771 1909 Strabo
797 1874 862 1910 VI.
890 1886 928 1919 p.
946 1872 1032 1908 278.
1061 1873 1159 1916 Cas„
1188 1873 1387 1919 Europam
1413 1879 1526 1907 tauro
1554 1871 1783 1908 insidentem
1810 1885 1830 1907 a
1856 1871 2085 1920 Pythagora.
2112 1873 2261 1909 'satian-

197 1929 282 1965 adv.
311 1928 450 1962 Graec.
479 1936 561 1971 cap.
585 1924 646 1959 53.
676 1936 716 1970 p.
748 1923 831 1958 116.
862 1920 1024 1958 worth.
1060 1921 1187 1958 Varro
1218 1920 1266 1955 de
1293 1921 1385 1969 ling.
1412 1921 1475 1955 lat.
1501 1921 1565 1958 IV.
1593 1934 1629 1968 p.
1657 1922 1716 1957 13.
1744 1920 1805 1956 ed.
1833 1921 1921 1969 Bip.
1947 1921 2069 1969 Sillig.
2099 1921 2260 1970 catalog.

197 1992 235 2027 p.
261 1977 348 2013 4⁰2.
401 1976 577 2022 Apparet
604 1984 625 2008 e
653 1970 913 2020 scriptoribus
940 1976 1083 2005 statuas
1111 1969 1194 2005 illas
1220 1968 1340 2004 fuisse
1368 1981 1511 2015 aereas,
1537 1982 1613 2005 non
1640 1982 1900 2014 marmoreas,
1928 1969 2040 2005 simul
2067 1969 2263 2019 ingentem

197 2030 401 2075 signorum
436 2021 741 2071 magnitudinem
778 2019 899 2055 fuisse
929 2020 1230 2055 Tarentinorum
1268 2019 1306 2054 in
1340 2017 1501 2058 deliciis,
1553 2020 1638 2056 Liv.
1665 2020 1834 2065 XXVIL,
1861 2020 1921 2056 16.
1971 2020 2168 2056 Romanae
2195 2019 2264 2056 do-

196 2074 416 2112 minationis
444 2080 626 2119 tempore
655 2070 814 2106 Graecis
841 2072 881 2103 in
911 2069 1014 2103 ltalia
1051 2069 1155 2103 inter
1199 2068 1333 2103 civiles
1375 2069 1506 2105 turbas
1546 2082 1682 2117 magna
1722 2076 1934 2104 statuarum
1969 2082 2061 2117 pars
2101 2076 2262 2119 ereptae

199 2132 285 2161 sunt
303 2121 537 2158 ,Winclielnn
567 2133 658 2168 opp.
689 2127 781 2155 tom.
808 2119 872 2156 Vl.
902 2131 939 2166 p.
967 2118 1067 2162 188„
1094 2129 1166 2153 nec
1194 2117 1334 2153 cecidit
1360 2118 1500 2154 melior
1527 2130 1611 2155 sors
1637 2117 1743 2154 urbis
1771 2118 1926 2154 nostrae
1953 2117 2113 2155 civibus.

349 2172 524 2220 Operam
552 2169 683 2217 paullo
711 2168 897 2215 majorem
925 2166 1198 2214 impenderunt
1225 2167 1426 2202 'l'arcntini
1453 2167 1700 2215 plasticae
1727 2168 1819 2203 artis
1847 2167 2046 2216 operibus,
2073 2168 2264 2216 imprimis

200 2223 300 2260 vasis
321 2218 572 2257 conficiendis
595 2220 654 2263 ¹¹),
683 2217 825 2253 etenim
844 2215 964 2252 hodie
991 2216 1093 2252 inter
1118 2215 1225 2252 viros
1252 2215 1391 2252 doctos
1420 2223 1526 2252 const
1575 2247 1582 2262 ,
1612 2228 1747 2252 eorum
1772 2217 2030 2262 vasculorum,
2057 2228 2156 2266 quae
2182 2217 2265 2254 vul-

200 2285 250 2320 go
278 2272 443 2306 Etrusca
477 2275 690 2311 vocantur,
730 2266 932 2300 maximam
971 2273 1124 2313 partem
1159 2264 1378 2300 consectam
1409 2278 1494 2300 esse
1527 2265 1565 2298 in
1600 2265 1763 2300 urbibus
1791 2266 1956 2313 Magnae
1984 2266 2174 2301 Graeciae
2204 2268 2263 2310 ²²).

199 2324 334 2358 Bonus
363 2324 501 2354 auctor
527 2317 694 2352 Joannes
721 2314 880 2350 Juvenis
907 2314 988 2359 IV..
1015 2315 1051 2352 1.
1081 2313 1293 2358 confirmat,
1323 2314 1426 2349 circa
1454 2315 1665 2349 Tarentum
1692 2313 1859 2349 inveniri
1885 2313 2007 2349 lutum
2034 2312 2172 2363 figlinis
2199 2327 2266 2351 va-

199 2372 251 2407 sis
279 2367 544 2417 aptissimum,
573 2378 649 2414 quo
679 2364 848 2408 accedit,
898 2363 1005 2412 quod
1033 2364 1252 2399 etiamnunc
1280 2363 1483 2399 Tarentini
1509 2364 1591 2411 agri
1619 2364 1775 2399 accolae
1817 2362 1950 2413 figlina
1988 2375 2109 2412 opera
2145 2363 2265 2401 confi-

200 2421 307 2455 ciunt
335 2415 481 2452 coloris
509 2413 657 2449 rubi-ici
685 2413 850 2462 antiquis
874 2412 975 2449 vasis
1002 2424 1168 2460 prorsus
1196 2412 1354 2458 similia,
1382 2424 1455 2448 nec
1481 2412 1726 2448 reticendum
1753 2420 1834 2457 est,
1860 2412 2017 2448 illorum
2051 2411 2265 2462 fragmenta

200 2467 395 2518 permulta
432 2475 563 2513 prope
598 2463 811 2498 Tarentum
847 2461 1019 2511 reperiri
1048 2461 1098 2506 ¹3)
1134 2468 1214 2497 not.
1242 2460 1289 2497 ad
1315 2461 1456 2511 Aquin,
1484 2475 1524 2511 p.
1550 2461 1600 2498 87
1621 2474 1678 2512 sq.
1706 2462 1768 2498 De
1795 2462 1883 2498 Non
1916 2468 2011 2498 tom.
2039 2463 2096 2498 111.
2124 2461 2195 2501 fol.
2222 2475 2262 2512 p.

203 2569 304 2599 sicam
326 2576 359 2596 v.
383 2563 505 2594 Boeth.
529 2575 562 2605 p.
590 2563 676 2595 1422
697 2571 745 2603 sq.
770 2559 824 2592 ed.
849 2560 949 2590 Basil.
1016 2561 1042 2595 ⁹)
1065 2561 1121 2591 De
1152 2560 1344 2592 mechanica
1365 2561 1495 2604 scripsit
1517 2562 1698 2603 Archytas,
1735 2573 1824 2606 quae
1848 2562 2092 2594 architecturae
2114 2563 2267 2606 proxima

203 2620 255 2640 ars
278 2612 327 2638 est
350 2606 449 2648 Diog.
472 2605 586 2635 Lacrt.
612 2603 722 2640 v111.‚
744 2605 799 2634 82.
820 2601 903 2644 ihiq.
929 2601 1064 2651 Mcnag.
1087 2601 1221 2631 Vitruv.
1245 2603 1353 2643 praes.
1375 2603 1433 2635 lib.
1457 2604 1536 2637 vll.
1601 2606 1641 2642 ²⁰)
1664 2605 1760 2636 Idem
1782 2604 1978 2636 Heraclides
2000 2605 2160 2637 inventor
2179 2615 2267 2636 sam-

204 2652 310 2682 bucae
334 2658 405 2681 esse
428 2646 575 2683 videtur,
599 2656 700 2689 quam
723 2644 913 2676 Romanam
936 2644 1123 2675 machinam
1141 2644 1288 2688 appellat
1311 2645 1472 2677 Moschus
1489 2647 1581 2690 apud
1600 2646 1721 2680 Athen.
1733 2646 1826 2678 XIV.
1849 2658 1882 2690 p.
1906 2647 2079 2682 634.b.cf.
2101 2646 2232 2680 Schwei
2257 2665 2267 2672 -

207 2694 345 2723 haeuscr
367 2690 471 2722 indic.
495 2688 663 2720 Athenaei
685 2699 720 2731 p.
745 2691 822 2729 430..
864 2686 961 2718 Alius
987 2692 1060 2718 erat
1083 2687 1278 2719 Heraclides
1297 2688 1446 2721 medicus
1465 2690 1679 2723 Tarentinus.
1745 2692 1787 2729 ²¹)
1810 2689 1862 2721 De
1885 2690 1970 2722 vasis
1994 2690 2142 2733 antiquis
2163 2656 2268 2722 fictifi-

206 2735 281 2770 bus,
303 2742 387 2774 quae
409 2732 512 2774 vulgo
534 2731 678 2761 Etrusca
709 2729 945 2773 appellantur,
993 2734 1149 2759 accurate
1177 2729 1363 2772 disquisivit
1386 2731 1623 2763 Hausmannus
1645 2732 1681 2763 in
1704 2737 1882 2764 comment.
1904 2733 2020 2764 societ.
2043 2731 2196 2773 Gotting.
2217 2742 2267 2764 re-

207 2780 296 2807 cent.
317 2774 382 2804 iol.
406 2775 453 2806 V.
475 2773 569 2806 class.
598 2772 693 2815 phys,
715 2783 749 2815 p.
774 2773 836 2804 1¹7
860 2783 911 2815 sq.
979 2773 1020 2806 ¹²)
1044 2770 1113 2802 Sed
1144 2771 1279 2804 Etruria
1316 2772 1416 2804 etiam
1453 2773 1539 2805 hanc
1567 2780 1676 2805 artem
1712 2774 1818 2807 novit.
1840 2773 1928 2808 Plin.
1951 2773 2106 2811 XXXV„
2146 2775 2200 2810 45.
2222 2774 2265 2808 cf.

205 2814 412 2851 winckelm.
433 2826 515 2856 opp.
536 2821 619 2847 tom.
641 2815 702 2846 111.
750 2837 759 2846 .
780 2815 843 2848 233
859 2824 909 2857 sq.
940 2813 1040 2845 vasis
1064 2823 1189 2844 nomen
1211 2825 1230 2845 a
1246 2814 1302 2846 md
1323 2815 1525 2849 Tarentinos
1546 2813 1680 2858 α’ρβοὶλη
1704 2816 1779 2850 fuit.
1800 2817 1960 2860 Hesych.:
1983 2814 2128 2857 τήγανον
2149 2812 2267 2859 δηρό-

200 2871 306 2893 ‚mmm
372 2857 414 2896 ²³)
435 2856 619 2899 Descripsit
649 2866 708 2889 vas
759 2856 869 2888 arenti
899 2856 1076 2888 inventum
1098 2855 1142 2889 A.
1162 2855 1201 2891 L.
1246 2856 1364 2888 lillin
1392 2857 1597 2902 description
1623 2858 1702 2891 d'un
1721 2869 1801 2891 vase
1823 2857 1944 2891 trouve
1968 2856 1989 2889 ἐι
2007 2858 2165 2892 Tereum.
2207 2859 2267 2891 Pa-
