2468 3070
1186 65 1236 102 14

193 172 257 212 vel
275 171 304 210 S
334 178 561 209 artanorum
586 172 763 210 coloniae
788 172 898 209 Deae
925 171 984 209 illi
1009 183 1119 209 sacra
1144 170 1333 218 facerent,
1360 171 1468 209 velut
1494 172 1665 220 Cyrenae
1690 174 1745 225 τῇ
1772 168 1829 214 ’A
1861 171 1985 225 ροδίτ,
2031 174 2076 212 ἐν
2101 167 2262 225 κήποις.

193 226 304 262 Boec
333 222 358 259 h
386 222 527 272 explic.
558 221 605 258 ad
630 221 744 260 Pind.
772 235 810 273 p.
836 223 941 270 283„
971 228 1012 259 et
1037 221 1181 259 Cnidus
1207 222 1365 260 Pausan.
1396 223 1437 268 1.‚
1461 222 1498 267 1,
1522 221 1561 262 3.
1590 221 1693 260 Plin.
1719 231 1799 264 nat.
1855 226 1919 265 ist.
1944 227 1982 264 X
2018 224 2137 271 XVI„
2161 225 2201 272 4,
2226 224 2266 265 5.

192 274 386 310 Mannert.
411 284 547 321 geogr.
578 271 655 318 ll,
681 272 719 311 3.
776 299 786 308 .
811 273 888 309 234
907 285 965 323 sq.
1018 272 1081 308 De
1107 271 1322 308 Tarentino
1357 271 1522 310 Veneris
1559 272 1669 308 cultu
1704 274 1770 311 vix
1809 274 1964 311 dubites
1998 273 2072 319 (οἳ.
2096 274 2264 313 Leonid.

196 321 528 386 Tarept.'epig1·.'
545 321 647 367 130,
675 333 742 384 ,se
806 321 910 384 tpllit
945 333 1101 358 omnem
1126 319 1410 383 dubitationem
1435 319 1674 379 Hesychius,
1726 322 1799 380 qui
1825 336 1857 362 s.
1882 336 1922 364 v.
1950 320 2168 375 βασιλίνδα
2192 323 2263 362 ait:

197 385 335 461 3355..
345 368 1649 473 {tm&33502532‘512121-4‘225?‘31352333‘352e21333332032355'?
1665 373 1867 459 ἓᾷἕὲιῖἓ
1879 384 1901 458 ‘i
1929 372 2268 462 3³.‘:.{'¹‘.·‘.¹.¹“{5¹..123};

198 471 410 510 simulacris
436 472 662 520 neglectum
687 470 809 525 fuisse
845 471 1022 508 habitum
1055 472 1163 508 illum
1198 470 1450 516 bellicosum,
1494 482 1611 520 quem
1644 470 1871 508 adamabant
1897 435 2078 522 §partani
2106 474 2265 510 Pausan-

198 522 273 566 111„
300 519 362 564 15,
386 520 414 557 8
431 542 480 548 -—
497 521 560 565 23,
597 521 631 560 l.
683 520 847 557 Leonid.
874 520 1000 570 epigr.
1027 520 1109 566 500,
1136 519 1206 556 sed
1231 531 1360 569 neque
1388 518 1466 556 hoc
1491 532 1566 568 pro
1593 526 1705 557 certo
1733 519 1909 568 dabitur,
1955 521 2137 572 quoniam
2162 520 2268 570 apud

199 567 424 607 Corinthios
451 580 612 619 quoque
637 567 761 605 fuisse
788 570 958 608 Veneris
984 576 1154 606 armatae
1180 568 1429 605 simulacrum
1455 568 1566 605 testis
1593 576 1653 605 est
1676 568 1781 605 idem
1797 570 2007 607 Pausanias
2034 572 2091 616 1[.,
2116 571 2153 607 4.
2168 576 2268 609 extr.

197 620 330 659 Venus
357 618 568 655 Tarentina
594 630 780 655 veremur
804 631 853 655 ne
880 620 965 656 Dea
1006 618 1198 656 maritima
1241 616 1385 664 suerit,
1443 617 1767 668 quemadmodum
1793 619 1898 669 apud
1924 619 2081 658 Cnidios
2107 620 2268 659 Pausan.

197 670 223 706 1.
251 680 287 707 c.
314 674 356 703 et
382 667 689 703 Hermionenses
715 667 809 705 ibid.
839 670 898 713 11.‚
920 669 983 714 34,
1011 669 1071 706 11.
1115 668 1178 703 De
1206 666 1430 704 Charitibus
1458 674 1497 703 et
1526 669 1650 703 Erote
1676 681 1697 703 a
1724 668 1751 704 S
1782 669 1922 705 artanis
1949 675 1991 705 et
2017 668 2267 706 Cretensibus

199 715 315 754 cultis
343 715 513 762 (Miiller
538 717 639 756 Dor.
666 716 695 752 1.
719 728 763 765 p.
790 717 887 763 407)
912 716 952 754 iu
978 716 1190 754 Tarentina
1217 716 1376 755 civitate
1402 728 1482 754 non
1506 714 1632 755 habeo
1659 728 1738 768 quo
1792 716 1930 757 dicam.

1137 784 1336 837 Heroes.

934 852 978 900 1]
1005 849 1197 890 Hercules
1224 857 1261 890 et
1286 852 1533 892 Heraclidae.

350 911 387 948 A
412 909 495 948 Diis
522 909 805 961 progredimur
829 909 880 948 ad
905 923 1027 962 genus
1052 911 1221 949 heroum
1248 910 1300 948 ob
1326 910 1407 949 fata
1433 910 1534 949 facta
1592 923 1614 949 e
1638 924 1719 960 sua,
1747 923 1847 964 quae
1873 910 2015 951 fabulis
2042 919 2130 950 sunt
2157 924 2272 950 exor-

199 969 302 1008 nata,
327 961 478 998 divinos
504 960 682 998 honores
710 961 782 997 ade
812 968 966 1004 torum3
998 961 1106 998 ducit
1128 961 1314 998 familiam
1338 962 1531 998 Hercules
1599 962 1817 1007 oriensium,
1839 963 1945 1013 genti
1971 963 2056 999 Fere
2081 962 2268 1011 proprius

201 1011 320 1061 eique
355 1008 505 1046 facilius
542 1022 658 1059 quam
684 1010 786 1058 Apol
805 1022 828 1045 ο
855 1010 1073 1046 vindicatus
1100 1023 1121 1047 a
1148 1011 1322 1047 Miillero
1349 1011 1449 1048 Dor.
1473 1017 1569 1048 tom.
1594 1012 1619 1047 Ι.
1640 1023 1681 1060 Ρ.
1704 1012 1778 1048 411
1801 1023 1861 1062 sq.
1912 1011 2032 1048 Multa
2057 1016 2269 1060 supersunt

199 1059 424 1097 testimonia
442 1059 627 1096 Herculis
653 1058 758 1107 apud
780 1060 1012 1096 Tarentinos
1038 1059 1113 1099 reli
1143 1060 1272 1096 ionem
1297 1059 1500 1109 insigniter
1525 1059 1743 1109 probantia,
1771 1061 1808 1097 in
1834 1061 1975 1110 quibus
2000 1061 2132 1097 locum
2156 1060 2271 1108 prin-

200 1109 332 1158 cipem
359 1108 512 1144 obtinet
538 1119 848 1143 nummorum
885 1108 1013 1157 copia.
1063 1109 1122 1145 Ec
1149 1108 1215 1144 hel
1241 1109 1291 1144 D.
1319 1109 1366 1144 N.
1392 1109 1421 1147 Ι.
1447 1121 1485 1158 p.
1510 1109 1598 1148 153.
1651 1109 1902 1159 Conspicitur
1928 1110 2032 1146 enim
2059 1110 2070 1145 i
2102 1121 2144 1145 se
2170 1110 2271 1145 Her-

203 1158 313 1196 cules
338 1157 528 1195 Mionnet.
556 1156 583 1194 l.
609 1171 648 1206 p.
676 1157 761 1194 147.
791 1164 832 1193 et
858 1156 966 1193 clava
993 1156 1103 1201 (vide
1130 1158 1291 1207 supra),
1330 1165 1396 1194 aut
1422 1158 1605 1194 Herculis
1640 1165 1759 1206 caput
1784 1157 1878 1194 ibid.
1903 1171 1943 1208 p.
1970 1159 2057 1199 138.
2099 1157 2207 1195 eonis
2237 1159 2270 1201 ²)

200 1206 308 1257 pelle
345 1206 497 1256 plerum
530 1218 579 1243 ue
613 1212 765 1242 tectum
800 1218 840 1255 p.
868 1206 955 1245 1:37.
981 1205 1117 1256 Suppl.
1144 1207 1172 1245 1.
1200 1219 1242 1255 p,
1269 1206 1358 1243 279.
1384 1207 1471 1243 280.
1497 1206 1649 1244 Echhel
1674 1207 1726 1244 D.
1755 1208 1802 1245 N.
1829 1208 1857 1244 Ι.
1882 1220 1921 1257 p.
1950 1208 2044 1259 147,
2089 1206 2271 1243 nimirum

202 1257 305 1315 ejus,
340 1269 457 1307 quem
484 1219 532 1293 ad
557 1256 744 1293 Nemeam
779 1255 989 1293 devicerat.
1043 1255 1229 1306 Apollod.
1255 1256 1314 1303 11„
1339 1256 1376 1308 5,
1405 1257 1439 1293 1.
1467 1255 1519 1295 cf.
1544 1256 1687 1293 Miiller
1711 1256 1811 1295 Dor.
1838 1257 1868 1296 Ῑ.
1895 1270 1934 1307 p.
1958 1258 2033 1295 442
2054 1271 2134 1308 sq.;
2172 1267 2271 1308 quae

200 1307 366 1343 victoria
391 1307 475 1355 ipsa
499 1312 822 1355 repraesentatur
846 1305 886 1340 in
905 1306 989 1342 aliis
1005 1306 1165 1341 Tarenti
1186 1306 1363 1352 nummis,
1387 1318 1440 1355 pu
1471 1312 1584 1342 nante
1600 1306 1776 1342 Hercule
1802 1313 1939 1342 contra
1965 1306 2121 1343 leonem
2133 1305 2271 1356 Suppl.

199 1358 231 1396 1.
256 1369 296 1406 p.
323 1355 436 1400 278„
476 1361 636 1392 tenente
663 1355 809 1392 clavam
834 1354 899 1392 vel
925 1354 1055 1412 ipsum
1079 1355 1235 1392 leonem
1260 1354 1354 1392 ibid.
1381 1369 1421 1411 p.
1445 1318 1551 1401 ἐπὶ,
1579 1367 1748 1406 eumque
1775 1353 1997 1393 suffocante
2024 1357 2215 1393 Mionnet.
2242 1356 2271 1394 1.

200 1418 241 1455 p.
269 1405 355 1442 147.
384 1406 468 1444 149.
498 1405 636 1454 Suppl.
665 1418 705 1454 p.
732 1405 821 1442 292.
849 1405 913 1441 vel
940 1411 1045 1441 inter
1070 1416 1185 1441 crura
1211 1416 1279 1441 sua
1306 1404 1513 1441 occidente
1541 1404 1722 1441 Mionnet
1748 1406 1777 1444 1.
1793 1417 1833 1455 p.
1847 1406 1932 1442 147.
1960 1405 2098 1455 Suppl.
2123 1418 2161 1455 p.
2180 1405 2267 1444 278.

200 1454 358 1493 Εοῑὼθῑ
390 1467 495 1493 num.
520 1454 654 1493 anecd.
683 1453 759 1491 tab.
785 1454 863 1500 HL,
889 1455 924 1497 6,
988 1453 1161 1491 Eandem
1198 1454 1405 1504 imaginem
1445 1453 1624 1491 referunt
1655 1454 1801 1491 nummi
1835 1454 2050 1492 Heracleae
2085 1454 2178 1492 ibid.
2206 1466 2268 1493 nr.

203 1506 264 1542 11.
292 1505 378 1550 13„
405 1504 490 1549 cui,
519 1517 607 1541 cum
636 1505 729 1541 olim
756 1503 852 1540 Siris
881 1511 1115 1548 vocaretur,
1153 1504 1205 1541 ob
1233 1504 1416 1541 Herculis
1443 1517 1551 1541 sacra
1578 1516 1719 1540 nomen
1744 1504 1969 1553 imposuere
1996 1504 2195 1541 Tarentini
2222 1504 2271 1551 2),

205 1555 258 1591 ita
281 1560 341 1599 ut,
367 1554 547 1603 quoniam
573 1555 643 1590 TA
670 1561 710 1590 et
735 1555 775 1588 H
800 1553 839 1589 in
868 1553 1032 1590 nummis
1059 1553 1218 1602 legitur,
1245 1553 1406 1589 dubium
1432 1566 1705 1602 nonnunquam
1731 1553 1812 1599 fiat,
1838 1560 1970 1589 utrum
1996 1554 2024 1589 ii
2050 1554 2099 1590 ad
2126 1557 2272 1590 Taren-

204 1604 309 1640 tinos
336 1614 381 1638 an
413 1601 460 1638 ad
488 1603 772 1640 Heracleenses
804 1601 1009 1639 referendi
1046 1602 1135 1641 sint.
1188 1602 1335 1640 Eckhel
1362 1603 1413 1639 D.
1442 1603 1488 1639 N.
1514 1604 1539 1642 1.
1566 1615 1607 1652 p.
1637 1603 1719 1639 148.
1748 1604 1872 1651 Heyn.
1901 1614 2037 1651 opusc.
2065 1604 2108 1640 11.
2132 1616 2171 1653 p.
2197 1602 2272 1640 241.

205 1665 262 1702 sq.
312 1653 523 1688 Praeterea
560 1659 684 1688 exstat
723 1652 764 1687 in
797 1664 955 1688 nummo
983 1652 1176 1688 Hercules
1204 1651 1326 1688 infans
1361 1658 1585 1701 serpentem
1623 1650 1819 1689 suffocans
1847 1652 2041 1691 Mionnet.
2068 1652 2204 1701 Suppl.
2262 1676 2274 1689 .

204 1702 317 1745 2⁰2„
369 1700 693 1751 quemadmodum
719 1700 825 1737 idem
862 1707 1024 1750 apparet
1049 1700 1089 1736 in
1117 1700 1302 1736 Crotonis
1328 1701 1493 1736 nummis
1519 1699 1671 1737 Eckhel
1699 1713 1804 1737 num.
1832 1700 1967 1738 anecd.
1995 1712 2082 1750 pag.
2105 1701 2167 1739 44.
2195 1663 2273 1738 tafl.

205 1751 288 1796 IV„
314 1751 349 1787 2.
377 1748 428 1789 cf.
454 1750 638 1799 Apollod.
664 1752 727 1796 11.‚
752 1751 790 1793 4,
815 1752 871 1796 8.,
912 1751 953 1785 in
983 1750 1059 1786 alio
1096 1749 1267 1807 denique
1300 1762 1457 1786 nummo
1493 1749 1735 1798 conspicitur
1761 1749 1954 1786 Hercules
1981 1750 2074 1799 equi
2100 1749 2273 1786 domitor

206 1800 382 1837 Mionnet
409 1801 437 1837 1.
465 1812 506 1848 p.
534 1801 618 1836 148.
670 1799 749 1837 Sed
774 1800 962 1836 hactenus
990 1798 1040 1835 de
1068 1811 1255 1844 nummis,
1298 1799 1478 1835 evincunt
1509 1798 1581 1834 alia
1619 1797 1807 1835 historiae
1834 1799 2066 1835 documenta
2091 1798 2274 1836 Herculis

206 1849 355 1887 cultum
382 1849 646 1888 Tarentinum.
698 1849 853 1886 Etenim
896 1847 1112 1885 secundum
1149 1846 1338 1898 quosdam
1367 1850 1486 1892 Taras
1524 1846 1642 1883 heros
1669 1848 1852 1885 Herculis
1879 1846 2081 1885 dicebatur
2104 1847 2207 1885 filius
2234 1854 2276 1885 et

205 1897 441 1935 Phalanthus
469 1899 577 1934 urbis
605 1899 787 1935 conditor
814 1906 975 1936 octavus
1001 1898 1049 1934 ab
1072 1897 1248 1934 Hercule
1265 1910 1301 1934 v.
1328 1897 1378 1933 de
1405 1897 1493 1946 orig
1521 1899 1678 1933 Tarent.
1696 1910 1731 1945 p.
1745 1898 1785 1936 5.
1801 1897 1851 1934 cf.
1866 1897 2092 1945 Bernhardy
2115 1896 2165 1934 ad
2177 1897 2278 1935 nio-

204 1960 286 1996 nys.
313 1946 468 1994 Perieg.
496 1960 535 1996 p.
563 1947 675 1993 615„
717 1960 816 1997 quae
843 1947 963 1983 dictio
992 1946 1066 1983 etsi
1091 1947 1220 1982 Dione
1248 1945 1380 1982 Cassio
1407 1953 1568 1982 auctore
1595 1946 1783 1992 Lxxlx„
1823 1947 1873 1983 lo
1897 1946 2015 1981 modo
2043 1947 2168 1983 virum
2193 1945 2277 1983 for·

205 1998 397 2035 tissimum
426 1996 612 2034 denotare
639 1996 831 2043 videatur,
857 2005 987 2034 tamen
1011 1994 1160 2032 referri
1186 2001 1321 2044 potest
1348 1994 1394 2031 ad
1423 2007 1570 2032 sacram
1596 1995 1762 2046 aliquam
1787 1995 1921 2045 stirpis
1939 1994 2272 2033 Phalantiadarum

206 2046 473 2096 genealogiam
498 2058 535 2084 v.
562 2046 611 2081 de
639 2046 745 2082 civit.
763 2049 917 2082 Tarent.
937 2058 975 2095 p.
990 2046 1051 2082 32.
1077 2045 1221 2082 Factus
1248 2044 1350 2080 enim
1362 2044 1553 2081 Hercules
1571 2045 1792 2082 Tarentinis
1816 2056 1975 2095 quoque
2000 2040 2274 2099 γενάρχας,

206 2103 250 2133 ut
275 2096 515 2146 appellatum
541 2107 627 2131 esse
652 2095 819 2133 heroem
845 2096 885 2132 in
911 2095 1099 2146 Spartana
1126 2093 1384 2143 inscriptione
1413 2093 1597 2130 Miillerus
1627 2094 1825 2132 adnotavit
1850 2095 1946 2131 Dor.
1966 2101 2060 2131 tom.
2076 2097 2105 2135 Ι.
2122 2110 2161 2147 p.
2174 2097 2274 2145 ⁴111„

207 2158 297 2182 cum
325 2147 500 2181 Crotone
527 2146 729 2186 coleretur
753 2146 938 2196 tanquam
975 2144 1143 2182 civitatis
1181 2138 1371 2193 οἰκιστής,
1422 2143 1572 2180 Eclzhel
1601 2146 1647 2183 D.
1673 2146 1720 2183 N.
1750 2147 1777 2180 l.
1805 2158 1845 2193 p.
1871 2145 1957 2184 172,
2008 2145 2168 2183 Minime
2206 2146 2277 2183 du·

206 2194 324 2231 bitari
379 2201 503 2237 otest,
549 2194 643 2244 quin
669 2195 846 2244 impense
880 2194 1042 2230 heroem
1068 2193 1238 2229 coluerit
1262 2206 1357 2244 gens
1384 2193 1487 2228 inter
1515 2194 1748 2230 Tarentinos
1778 2193 2016 2230 nobilissima
2042 2196 2276 2246 principum,

206 2256 320 2295 quae,
348 2206 526 2281 deductis
555 2257 576 2280 e
603 2245 728 2301 patria
749 2244 932 2282 Herculis
960 2242 1092 2289 sacris,
1117 2242 1188 2279 stir
1218 2242 1250 2279 is
1278 2242 1465 2293 originem
1493 2242 1540 2279 ad
1565 2243 1824 2280 Phalanthum
1847 2242 2064 2292 referebat,
2091 2245 2277 2296 quemad-

208 2293 369 2331 modum
395 2293 501 2342 apud
528 2294 885 2330 Hahcarnassenses
913 2304 1005 2342 gens
1025 2291 1175 2328 Anthea
1205 2304 1314 2327 arum
1340 2292 1437 2328 adeo
1466 2292 1701 2328 inclaruerat
1716 2293 1888 2342 Neptuni
1913 2294 2044 2340 sacris,
2068 2302 2113 2331 ut
2138 2302 2276 2331 auctor

208 2342 384 2381 coloniae
412 2342 562 2380 Anthes
596 2343 661 2379 dei
695 2341 797 2379 lilius
825 2354 910 2379 esse
945 2340 1116 2379 creditus
1148 2341 1211 2380 sit.
1237 2339 1287 2378 cf.
1314 2341 1454 2378 Miiller
1480 2342 1577 2379 Dor.
1606 2348 1701 2381 tom.
1727 2342 1754 2379 Ι.
1781 2355 1822 2392 p.
1849 2342 1934 2383 1⁰8.
1983 2344 2105 2395 Atqui
2131 2346 2278 2381 Taren-

206 2394 379 2430 tinorum
405 2392 611 2428 universus
638 2393 809 2441 populus
834 2392 1051 2429 Herculem
1075 2398 1285 2428 veneratus
1314 2399 1384 2437 est,
1411 2390 1450 2426 id
1478 2391 1582 2441 quod
1609 2404 1820 2441 cognoscas
1847 2403 1870 2428 e
1897 2394 2128 2442 cognomine
2157 2389 2276 2443 Ἐρι-

209 2440 393 2485 &amirae
421 2441 594 2477 omnium
619 2441 817 2478 bonorum
852 2440 1081 2490 largitorem
1117 2439 1380 2489 significante,
1431 2440 1490 2476 uti
1528 2440 1666 2490 Apollo
1702 2434 1916 2484 Δοναστοῖς
1950 2443 2167 2492 appellatus
2205 2451 2277 2480 est.

210 2491 381 2540 Hesych.
408 2503 438 2529 s,
464 2503 526 2527 vv.
547 2491 592 2535 ³).
646 2491 917 2528 Certissimum
943 2488 1144 2538 religionis
1171 2502 1213 2525 ar
1241 2496 1439 2525 umentum
1466 2489 1696 2527 colossus
1723 2498 1783 2527 est
1808 2491 1994 2528 Herculis
2020 2492 2058 2527 in
2087 2504 2177 2529 arce
2204 2494 2280 2528 'I'a-

210 2541 455 2577 rentinorum
481 2540 646 2588 positus,
674 2553 696 2576 a
716 2540 889 2589 Lysippo
918 2537 1134 2575 coniectus.
1162 2537 1202 2575 vi
1232 2550 1254 2573 e
1281 2536 1393 2574 inira.
1442 2539 1505 2574 De
1532 2539 1598 2574 tali
1612 2540 1796 2577 Herculis
1822 2547 1948 2577 statua
1965 2541 2278 2590 Lysippi·opere

215 2632 283 2663 vini
303 2631 411 2674 copia.
432 2632 520 2664 Plin.
545 2639 616 2665 nat.
637 2632 710 2663 hist.
732 2631 828 2668 XIV,
850 2635 884 2666 6.
905 2628 1047 2662 Eckhel.
1068 2639 1162 2661 num.
1185 2628 1307 2662 anecd.
1326 2639 1405 2673 pag.
1427 2632 1482 2663 38.
1506 2629 1549 2663 D.
1571 2629 1614 2663 N.
1661 2653 1671 2664 .
1692 2632 1761 2666 155.
1808 2632 1847 2671 ²⁰)
1868 2629 2042 2674 βασιλίδας
2053 2627 2097 2663 ro?
2110 2633 2277 2673 γυναικεῖα

215 2670 326 2748 ἰῖδοῖα
342 2673 479 2707 ἐκάλουν
497 2672 533 2707 οἱ
545 2678 689 2718 κωμικοί
699 2673 847 2718 Ilesycli.
862 2669 1100 2715 ἄριστόδημοε,
1120 2671 1177 2704 De
1199 2683 1374 2717 propenso
1397 2671 1440 2705 ad
1462 2682 1613 2705 amorem
1651 2673 1884 2706 arentinorum
1906 2673 2019 2706 animo
2042 2672 2108 2705 dixi
2131 2673 2173 2706 de
2189 2675 2280 2711 civit.

244 2721 350 2748 arent.
396 2727 413 2748 a
438 2740 447 2749 .
513 2740 522 2750 .

349 2721 546 2796 ¹)PLgeox212m
575 2758 684 2790 solum
717 2757 845 2790 habent
873 2756 1003 2790 nummi
1039 2756 1131 2801 apud
1153 2756 1310 2789 Mionnet
1330 2758 1358 2790 I.
1377 2767 1412 2800 p.
1438 2759 1508 2797 140.
1531 2757 1580 2791 Su
1604 2758 1651 2800 pl.
1671 2758 1698 2790 Ι.
1721 2770 1755 2802 p.
1777 2758 1848 2791 283.
1914 2758 1942 2796 ²)
1963 2756 2095 2789 Pariter
2120 2759 2280 2802 antiquae

214 2800 355 2834 Minoae
377 2799 534 2847 Spartani
555 2800 749 2832 tribuerunt
771 2810 898 2832 nomen
921 2799 1123 2832 Heracleae.
1145 2798 1306 2831 Mannert
1329 2810 1448 2844 geogr.
1466 2800 1538 2838 lx„
1574 2769 1605 2832 2)
1626 2811 1661 2843 p.
1682 2801 1744 2842 364
1762 2810 1814 2842 sq.
1856 2797 1961 2830 Novit
1988 2798 2105 2844 viginti
2128 2805 2197 2832 tres
2221 2800 2281 2832 hu-

213 2844 266 2886 jus
290 2841 438 2877 nominis
460 2842 562 2873 urbes
584 2842 775 2885 Stephanus
798 2843 877 2885 Byz.
902 2854 928 2875 s.
950 2853 983 2875 v.
1005 2839 1211 2883 Ἡράκλεια,
1241 2848 1278 2874 ut
1300 2842 1441 2875 haereas
1462 2853 1726 2887 nonnunquam,
1756 2852 1860 2892 quam
1880 2840 2003 2873 urbem
2025 2842 2053 2874 si
2078 2841 2206 2874 nificari
2229 2853 2280 2874 ar-

212 2885 363 2920 bitreris.
410 2884 437 2924 ³)
448 2882 583 2916 Thuriis
594 2883 759 2915 Hercules
774 2885 882 2918 dictus
897 2882 1171 2927 est'Emssozodc,
1193 2884 1222 2917 si
1239 2884 1323 2929 quid
1344 2884 1463 2925 video,
1497 2884 1523 2917 is
1545 2885 1605 2929 qui
1632 2885 1745 2918 omnia
1770 2894 1806 2916 m
1827 2893 1864 2916 se
1885 2884 2035 2929 suscipit.
2093 2884 2199 2928 esych.
2212 2895 2278 2918 sn.
