2468 3070
1217 60 1267 96 lo

198 180 318 220 quum
342 166 384 203 in
408 165 484 203 alio
512 176 608 203 cons
636 165 779 202 ieiatur
804 164 932 216 aquila
957 176 1078 215 super
1103 165 1226 212 cauda
1252 164 1440 216 delphini.
1470 165 1646 203 Mionnet
1671 166 1810 217 Suppl.
1825 167 1852 207 1.
1878 181 1918 218 p.
1935 168 2020 205 289.
2059 169 2121 206 Ad
2134 170 2270 208 Jovem

198 216 362 255 Tarenti
387 227 542 253 sacrum
568 216 616 252 ha
645 215 743 252 itum
769 215 904 252 reiero
940 216 1190 265 Europae
1233 222 1398 252 statuam
1434 222 1550 251 tauro
1582 215 1814 258 insidentem
1841 218 1968 257 Varro
1994 218 2086 276 ling.
2114 220 2175 257 lat·
2202 220 2270 259 lv.

195 282 237 318 p.
264 267 315 304 13
339 264 431 317 Bip.
460 266 542 304 Cic.
569 265 686 304 Verr.
723 265 798 311 lV,
834 266 897 305 60.
935 264 986 302 cf.
1024 266 1154 314 Heyn.
1194 265 1244 302 ad
1277 265 1461 315 Apollod.
1497 278 1536 315 p.
1571 266 1645 303 211
1669 278 1747 317 sq.‚
1779 265 1949 305 fortasse
1984 267 2025 305 in
2050 280 2135 319 ipso
2160 269 2271 307 Jovis

194 316 344 367 templo
372 315 562 366 positam,
589 314 838 364 Pythagorae
863 314 1035 365 Rhegini
1060 327 1085 351 o
1115 327 1182 362 us3
1210 317 1346 351 nescio
1374 315 1544 365 denique
1572 328 1617 351 an
1644 315 1755 353 Jovis
1781 316 1908 366 imago
1935 318 1986 355 sit
2004 317 2129 368 figura
2147 317 2271 355 virilis

196 365 301 404 nuda
328 365 367 402 in
393 376 551 401 nummo
578 364 763 401 Mionnet.
784 363 810 403 l.
831 376 869 413 p.
899 365 992 410 147,
1030 376 1073 401 se
1103 376 1192 411 ens,
1218 363 1448 401 inferiorem
1477 364 1657 415 corporis
1683 371 1834 414 partem
1862 366 2097 405 vestimento
2124 366 2270 413 induta,

196 429 244 455 ea
269 415 428 468 quidem
453 413 629 459 ratione,
657 426 737 464 qua·
759 414 901 451 Jovem
929 413 1152 464 Olympium
1177 413 1332 451 effinxit
1356 413 1529 453 Phidias,
1558 427 1594 453 v.
1621 415 1782 452 Pausan.
1813 415 1861 463 V,
1889 416 1951 456 11.
1980 416 2061 453 Sed
2085 416 2271 455 hactenus

198 467 249 504 de
287 463 453 503 testibus
493 475 538 500 ac
572 463 806 500 testimoniis
841 463 952 500 Jovis
990 475 1099 500 sacra
1133 463 1342 501 Tarentina
1377 462 1642 513 probantibus.

346 512 426 549 Dei
462 512 610 549 cultum
642 512 747 550 unde
774 512 976 549 Tarentini
1015 511 1285 559 obtinuerint,
1336 525 1413 549 non
1450 513 1539 549 satis
1577 513 1820 563 exploratum
1857 520 1938 560 est,
1990 528 2110 566 quum
2145 517 2185 553 in
2225 517 2272 553 iis

197 563 335 607 terris,
387 574 483 612 quas
551 574 596 598 er
623 561 828 599 Graeciam
854 562 1066 598 Dorienses
1102 561 1349 608 habitarunt,
1400 562 1510 599 Jovis
1540 575 1647 599 sacra
1682 574 1870 613 nusquam
1906 563 2113 603 videantur
2145 565 2271 602 fuisse

198 611 421 650 celebriora
456 611 599 648 Miiler
630 612 729 648 Dor.
758 611 782 647 l.
839 639 847 648 .
875 611 953 649 394
978 622 1057 661 sq.;
1110 610 1290 648 colebant
1331 617 1462 647 autem
1500 612 1642 648 Jovem
1678 612 1901 659 Tarentini,
1952 620 1997 650 ut
2039 614 2094 652 ita
2136 615 2272 661 dicam,

196 662 268 700 sub
295 660 424 698 tribus
450 659 650 697 duabusve
677 660 810 710 specie
839 674 896 700 us.
963 662 1060 696 Tem
1089 660 1169 697 lum
1195 660 1320 707 enim,
1346 661 1386 696 in
1413 673 1492 711 quo
1518 660 1772 698 victoriarum
1799 674 1954 698 suarum
1980 672 2273 701 monumentum

195 711 272 750 sibi
307 710 494 749 excitavit
527 709 724 758 PyrrhuS,
774 718 857 747 erat
903 709 1013 747 Jovis
1051 674 1252 760 glympii,
1305 710 1338 746 si
1371 710 1541 748 Enniana
1573 710 1677 747 tituli
1710 710 1857 748 verba:
1910 719 2056 762 pater
2082 714 2272 764 optime

198 760 400 810 Olympi
425 772 609 810 premere
635 760 742 799 licet.
794 761 933 797 Potuit
959 759 1068 796 Jovis
1097 760 1269 809 Olympii
1295 759 1422 797 cultus
1450 759 1497 796 ab
1521 759 1687 797 Achaeis
1707 760 1919 807 institutus,
1947 762 2274 811 quemadmodum

197 811 407 858 Syracusas
434 809 584 846 Miiller
618 809 644 847 l.
673 820 707 846 c.
769 836 775 842 .
803 810 903 855 395,
940 809 994 845 ita
1029 811 1243 845 Tarentum
1279 808 1514 856 transferri,
1548 810 1658 858 cujus
1691 809 1795 847 cives
1830 809 1918 859 plus
1945 812 2066 848 semel
2094 811 2274 862 Olympia

197 859 383 896 vicerunt
408 857 500 895 vide
526 856 649 904 infra3
676 869 718 893 se
775 858 891 893 Ennii
920 858 1051 894 verbis
1086 871 1164 894 non
1203 858 1370 893 multum
1405 857 1553 896 tribuo.
1632 859 1727 894 Erat
1759 858 1881 895 altera
1930 859 1953 895 J
1985 860 2041 896 vis
2069 862 2221 910 species
2249 855 2273 898 ὅ

197 903 482 960 Ἐλευθέριος,
508 919 624 958 quern
643 906 747 957 apud
762 908 994 944 Tarentinos
1015 906 1135 944 fuisse
1154 907 1192 944 in
1211 906 1362 944 honore
1380 907 1539 945 tradidit
1550 907 1766 957 Hesychius
1784 920 1814 945 ε.
1832 907 1870 945 h.
1887 919 1923 948 v.
1949 871 2101 997 Qst
2117 909 2273 961 Jupiter

195 959 415 1006 liberator,
442 969 607 1004 numen,
636 956 744 1007 quod
769 956 816 993 ab
842 957 1021 994 hostibus
1050 958 1222 994 cultores
1249 969 1341 993 suos
1367 956 1556 1005 vindicat,
1592 965 1800 1008 cognatum
1825 957 1915 995 Jovi
1941 953 2051 998 ἀλασ·
2074 973 2161 1012 ορι,
2187 955 2273 1011 μκή-

197 1022 341 1058 στορι,
379 1006 534 1059 φυξίῳ,
580 1005 765 1058 σωτηρίῳ
803 1006 980 1043 Creuzer
1018 1007 1190 1054 Symbol.
1226 1006 1267 1045 ll.
1293 1020 1332 1060 p.
1358 1007 1433 1044 495
1454 1020 1533 1058 sq.,
1568 1014 1612 1044 ut
1645 1007 1747 1044 enim
1783 1006 1845 1044 ait'
1862 1008 2084 1058 Hesychius
2120 1011 2273 1050 τοῦτον

200 1059 503 1111 (Ἐλευθέριον
542 1056 641 1104 Δία)
677 1057 723 1097 δὲ
760 1057 864 1095 ἔνιοι
898 1055 967 1095 καὶ
1001 1050 1172 1107 Σωτῆριί
1207 1069 1317 1108 φασι.
1373 1057 1444 1093 Cui
1486 1058 1578 1094 Jovi
1613 1056 1816 1107 probabile
1844 1064 1903 1094 est
1936 1060 2126 1110 templum
2152 1060 2273 1097 fuisse

199 1111 426 1148 dedicatum
462 1123 483 1146 a
514 1108 760 1154 Tarentinis,
800 1115 1009 1157 postquam
1043 1106 1201 1143 liberati
1244 1114 1335 1143 sunt
1375 1119 1396 1142 a
1435 1119 1574 1156 magno
1612 1106 1789 1156 periculo
1809 1134 1820 1153 ,
1864 1110 2010 1145 acriter
2046 1109 2273 1147 instantibus

197 1172 250 1211 po
280 1160 358 1196 ulis
384 1158 578 1204 finitimis,
606 1157 655 1194 ad
681 1156 902 1206 exemplum
927 1155 1212 1192 Plataeensium
1230 1150 1481 1208 Ἐλευθέρια
1500 1156 1779 1192 celebrantium
1794 1155 1833 1191 in
1843 1158 2069 1194 memoriam
2083 1159 2273 1196 victoriae

176 1208 237 1246 *al
284 1209 383 1245 ersis
410 1215 637 1258 reportatae
663 1208 827 1242 Pausan.
854 1207 928 1251 lx,
954 1206 1000 1252 2,
1026 1206 1065 1243 4.
1090 1206 1127 1244 5.
1154 1205 1329 1253 Thucyd.
1356 1208 1409 1251 ll,
1436 1207 1500 1243 71.
1527 1204 1698 1253 Hesych.
1726 1203 1991 1255 Ἐλευθέριος
2016 1207 2110 1257 ibiq.
2136 1208 2273 1258 intpp.,

201 1265 244 1296 et
268 1259 538 1295 Romanorum
576 1255 667 1292 Jovi
701 1254 882 1292 Feretrio
918 1260 959 1290 et
998 1253 1144 1291 Statori
1179 1254 1323 1315 templa
1358 1253 1599 1292 voventium.
1636 1254 1719 1296 Liv,
1755 1256 1792 1300 I,
1826 1256 1885 1291 10.
1915 1257 1975 1296 12.
2014 1257 2199 1294 Ceterum
2227 1269 2275 1293 ex

198 1307 400 1356 Hesychio
428 1306 700 1350 observamus,
729 1302 896 1341 eundem
923 1304 1064 1341 Jovem
1090 1302 1363 1353 Ἐλευθεριον
1395 1302 1593 1352 Syracusis
1632 1305 1975 1353 quoquecultum
2012 1318 2097 1347 esse
2125 1306 2273 1344 Miiller
2336 1311 2339 1313 ’

198 1356 428 1405 Aeginetica
452 1369 491 1405 p.
519 1356 605 1392 157.
631 1354 730 1390 adde
757 1354 878 1404 intpp.
908 1353 956 1388 ad
981 1352 1092 1390 Pind.
1122 1353 1276 1402 Olymp.
1305 1354 1390 1399 xli,
1419 1355 1457 1392 1.
1509 1352 1644 1388 Tertia
1662 1352 1832 1402 denique
1849 1354 1959 1392 Jovis
1981 1356 2131 1404 species
2150 1368 2273 1405 eaque

200 1405 301 1457 apud
329 1405 565 1442 Tarentinos
592 1402 774 1454 primaria
802 1398 916 1445 Ζεύς
936 1408 997 1438 est
1024 1396 1047 1439 o‘
1073 1397 1430 1454 καταιβάτης,
1465 1400 1704 1438 descendens
1741 1413 1763 1438 e
1802 1403 1915 1440 coelo
1943 1415 2030 1440 cum
2056 1404 2206 1441 tonitru
2233 1411 2273 1441 et

201 1455 366 1492 fulmine
406 1461 448 1491 et
482 1454 619 1504 pluvio
657 1454 832 1489 Creuzer
866 1450 1040 1501 Symbol.
1075 1453 1115 1490 ll.
1153 1466 1242 1503 pag.
1265 1454 1362 1498 494,
1399 1452 1464 1489 cui
1494 1453 1581 1487 Deo
1610 1450 1851 1488 fulminatori
1878 1466 1985 1490 sacra
2011 1452 2114 1490 facta
2141 1465 2227 1490 esse
2253 1467 2275 1490 a

200 1504 425 1543 Tarentinis
462 1511 573 1541 certo
607 1501 777 1554 quodam
809 1502 894 1539 anni
930 1500 993 1538 die
1025 1502 1161 1539 retulit
1195 1501 1404 1540 Clearchus
1431 1499 1534 1552 apud
1561 1499 1702 1538 Athen.
1732 1500 1809 1538 Xll.
1835 1515 1874 1553 p.
1901 1503 1978 1541 522
2003 1515 2088 1554 sq„
2136 1509 2181 1540 ut
2206 1502 2273 1540 ille

201 1555 363 1606 quidem
394 1554 478 1591 vult
514 1553 562 1589 ad
586 1552 791 1602 expiandas
828 1563 964 1587 eorum
1005 1551 1170 1598 animas,
1212 1553 1280 1602 qui
1316 1552 1356 1587 in
1393 1551 1619 1588 Carbinates
1655 1551 1883 1589 saevierant.
1932 1553 2128 1603 Equidem
2163 1553 2273 1589 istam

203 1617 407 1643 sacrorum
445 1602 748 1654 explicationem
786 1600 925 1637 deberi
950 1600 1187 1651 scriptorum
1215 1600 1524 1646 ratiocinationi,
1545 1606 1612 1637 aut
1637 1600 1781 1637 seriori
1807 1608 1933 1640 aetate
1959 1601 2061 1653 apud
2086 1601 2273 1654 populum

205 1668 292 1691 eam
312 1653 506 1690 exstitisse
524 1664 756 1702 persuasum
768 1651 909 1695 habeo,
933 1657 1115 1698 poterant
1132 1663 1223 1688 sane
1236 1651 1353 1687 fidem
1371 1651 1432 1688 rei
1448 1649 1618 1687 habitam
1633 1649 1891 1699 comprobare
1912 1652 2065 1689 nomina
2090 1652 2277 1702 inscripta

203 1704 294 1755 pilis
323 1710 412 1740 ante
441 1703 571 1749 januas
597 1699 773 1746 statutis,
801 1712 922 1758 quum
949 1705 1079 1736 tamen
1104 1707 1217 1738 vetus
1246 1698 1491 1738 consuetudo
1519 1705 1646 1744 esset,
1679 1698 1825 1736 hermis
1852 1701 2085 1737 familiarum
2112 1701 2276 1750 insignia

206 1754 321 1803 adpin
350 1752 451 1796 endi,
478 1759 522 1787 ut
547 1750 671 1787 fusius
699 1749 835 1786 docuit
861 1749 1110 1786 Mazocchius
1138 1750 1186 1785 ad
1212 1750 1290 1790 tab.
1316 1749 1474 1788 Heracl.
1499 1763 1537 1798 p.
1567 1749 1641 1784 149
1652 1760 1724 1797 sq.,
1749 1756 1816 1784 aut
1834 1763 1973 1787 nomen
1992 1750 2141 1786 mortui
2158 1751 2275 1799 cippo

204 1802 326 1840 inseri
358 1800 466 1848 endi,
493 1800 600 1851 quod
626 1798 792 1836 Athenis
818 1796 965 1835 factum
993 1805 1063 1837 est.
1116 1799 1278 1837 Pausan.
1305 1799 1332 1845 l,
1359 1800 1432 1844 29,
1458 1799 1495 1838 4.
1548 1796 1745 1837 Tarentini
1775 1808 1880 1835 sacra
1909 1798 2168 1835 fulminatoris
2187 1799 2276 1845 Dei,

205 1852 255 1889 ad
295 1863 413 1901 quem
447 1850 647 1899 pertinent
681 1847 845 1884 fulmina
880 1847 920 1883 in
955 1848 1145 1894 nummis,
1197 1856 1358 1898 accepta
1392 1847 1528 1884 tulisse
1555 1846 1730 1883 Etruscis
1758 1848 1917 1895 putandi
1942 1855 2049 1893 sunt,
2075 1846 2276 1884 fulminum

206 1900 412 1938 doctrinae
445 1897 692 1949 peritissimis
727 1896 903 1934 Creuzer
940 1896 965 1933 l.
995 1908 1027 1935 c.
1063 1910 1104 1947 p.
1139 1898 1215 1934 942
1236 1910 1313 1948 sq.,
1348 1897 1429 1946 ipsa
1462 1902 1592 1932 autem
1627 1906 1735 1931 sacra
1769 1896 1817 1932 ad
1853 1897 2127 1933 lustrationum
2152 1909 2275 1947 genus

203 1949 377 1997 referas,
448 1961 497 1985 uo
536 1948 709 1999 pertinet
736 1946 927 1997 imprimis
954 1946 1086 1983 laurus
1113 1947 1151 1983 in
1178 1948 1305 1998 capite
1332 1946 1441 1984 Jovis
1469 1943 1751 1983 averruncandi
1776 1953 1972 1997 potestate
2005 1945 2192 1997 praedita.
2224 1945 2269 1984 cf

207 1998 371 2039 casaub.
400 2012 421 2036 a
476 1997 677 2048 Theophr.
707 1996 879 2037 charact.
909 1997 960 2034 16
985 2000 1042 2047 (p.
1069 1997 1156 2034 244.
1182 1998 1285 2041 Ast.)
1312 2017 1359 2027 --
1384 1997 1446 2033 De
1472 1997 1574 2035 Jove
1610 1991 1764 2049 ὁμοριίρ
1803 1996 1887 2034 sive
1925 1995 2110 2050 ὁμογνίῳ
2142 1996 2277 2036 monui

206 2049 299 2088 alibi
325 2049 396 2095 (de
423 2047 529 2086 civit.
557 2051 718 2088 Tarent.
743 2060 782 2097 p.
808 2047 914 2091 49.)

1101 2097 1148 2142 4)
1181 2096 1374 2138 Bacchus.

359 2157 538 2196 Probant
571 2156 719 2193 Bacchi
753 2156 855 2207 apud
892 2156 1124 2194 Tarentinos
1164 2156 1311 2193 cultum
1339 2155 1527 2192 solemnia
1552 2156 1593 2191 in
1619 2155 1706 2206 ejus
1731 2155 1924 2193 honorem
1950 2156 2158 2200 celebrata,
2183 2157 2276 2194 vide

206 2210 260 2248 de
295 2209 398 2247 civit.
433 2209 592 2246 Tarent.
627 2220 668 2257 p.
703 2207 768 2246 25.
841 2206 999 2243 Perlata
1038 2213 1128 2243 sunt
1161 2205 1278 2255 hujus
1310 2206 1389 2242 Dei
1429 2216 1540 2242 sacra
1581 2205 1630 2242 ad
1661 2206 1869 2255 Spartanos
1910 2218 2094 2257 quoque,
2146 2206 2221 2243 etsi
2256 2220 2278 2242 a

204 2259 384 2297 moribus
419 2256 673 2294 Doriensium
702 2265 895 2306 perquam
928 2256 1052 2292 aliena
1089 2255 1235 2292 Miiller
1268 2255 1369 2293 Dor.
1406 2254 1432 2292 l.
1500 2282 1511 2293 .
1543 2255 1714 2304 4⁰3sq.,
1751 2267 1852 2304 quae
1885 2262 2015 2292 tamen
2051 2267 2279 2305 persuasum

204 2308 336 2346 habeo
375 2318 619 2357 nequaquam
657 2306 697 2341 in
722 2304 939 2354 metropoli
962 2311 1070 2341 tanta
1096 2317 1184 2342 cum
1211 2304 1366 2341 licentia
1392 2303 1478 2340 cele
1508 2310 1590 2340 rata
1617 2316 1703 2341 esse
1729 2304 1876 2353 Grysar
1902 2304 1951 2341 de
1979 2304 2157 2343 comoed.
2181 2305 2280 2342 Dor.

205 2373 244 2410 p,
270 2359 349 2396 22s
380 2383 412 2403 .,
448 2362 590 2413 quanta
617 2355 656 2391 in
691 2355 844 2393 colonia
870 2353 1019 2391 factum
1044 2361 1118 2394 est.
1170 2353 1389 2393 Videbatur
1416 2353 1518 2390 enim
1543 2352 1630 2403 ipse
1655 2354 1890 2391 Tarentinus
1914 2367 2008 2405 ager
2033 2354 2172 2405 optimi
2196 2353 2278 2391 vini

205 2411 320 2446 ferax
376 2419 399 2443 e
426 2405 536 2444 civit.
564 2405 721 2441 Tarent.
748 2419 789 2454 p.
815 2405 852 2441 3.
881 2403 1057 2440 cultores
1082 2403 1286 2453 impellere
1312 2402 1351 2439 in
1377 2416 1483 2441 sacra
1509 2402 1608 2451 Dei,
1644 2404 1711 2454 qui
1736 2404 1875 2441 vitium
1907 2404 2084 2442 culturae
2118 2404 2279 2442 antistes

204 2457 361 2496 habitus
388 2462 469 2502 est,
516 2452 557 2491 id
615 2466 637 2491 e
666 2461 744 2491 tam
771 2455 881 2504 large
906 2451 1045 2498 fiebat,
1079 2460 1124 2489 ut
1151 2453 1317 2489 Platone
1343 2459 1446 2489 teste
1473 2453 1522 2490 de
1558 2453 1661 2504 legg.
1687 2453 1711 2493 l.
1766 2480 1775 2490 .
1807 2454 1898 2494 204.
1936 2454 2060 2493 Bekl«.
2098 2454 2139 2490 in
2166 2454 2281 2490 Bac·

208 2505 524 2546 cbanalibus
552 2517 575 2541 e
606 2504 663 2541 ria
689 2511 795 2541 esset
819 2502 1001 2540 universa
1032 2502 1171 2540 civitas
1211 2501 1262 2541 ei.
1289 2503 1435 2552 Grysar
1460 2502 1485 2542 l.
1518 2515 1551 2542 c.
1578 2517 1617 2554 p.
1643 2504 1705 2541 52.
1776 2502 1867 2541 uid?
1893 2503 2001 2556 quod
2024 2500 2281 2542 Bacchanalia

210 2564 362 2603 essent,
402 2556 508 2592 inter
546 2565 650 2603 quae
682 2553 916 2589 Tarentinus
944 2552 1111 2602 populus
1139 2552 1187 2588 ad
1215 2552 1514 2602 demergendam
1539 2554 1749 2590 Romanam
1775 2553 1936 2590 classem
1963 2565 1986 2590 e
2011 2552 2165 2590 theatro
2191 2563 2280 2589 sese

210 2605 406 2656 proripuit
447 2603 527 2641 Dio
564 2603 668 2640 Cass.
703 2601 820 2653 frgm.
858 2601 988 2639 Ursin.
1025 2601 1121 2648 145,
1172 2602 1229 2647 1.,
1280 2600 1430 2638 fabula·
1463 2601 1585 2652 igitur
1620 2602 1690 2639 illo
1724 2609 1904 2653 tempore
1938 2601 1978 2639 in
2002 2613 2120 2639 scena
2144 2600 2280 2638 doctas

211 2654 411 2705 spectabat
428 2653 507 2690 rite
528 2652 743 2689 multitudo
756 2679 770 2699 ,
793 2663 869 2688 nec
888 2649 1063 2687 defuisse
1077 2650 1407 2687 commissationes
1425 2658 1464 2688 et
1482 2651 1587 2688 varia
1607 2664 1835 2702 pomparum
1856 2663 2015 2701 genera,
2040 2650 2280 2687 documento

213 2711 306 2741 sunt
330 2716 438 2751 vasa,
465 2702 585 2753 vulgo
612 2704 781 2740 Etrusca
807 2700 934 2746 dicta,
965 2698 1037 2737 sed
1062 2712 1107 2737 ea
1132 2700 1171 2736 in
1197 2701 1332 2751 Magna
1359 2700 1522 2738 Graecia
1548 2700 1782 2751 praesertim
1807 2715 1830 2738 a
1855 2699 2076 2738 Tarentinis
2104 2695 2281 2737 confecta

212 2752 304 2792 vide
340 2752 458 2798 infra,
487 2763 798 2804 pomparumque
826 2749 1058 2802 imaginibus
1086 2757 1284 2791 exornata.
1325 2750 1471 2800 Grysar
1502 2764 1543 2802 p.
1576 2751 1631 2788 38
1649 2764 1710 2803 sq.
1721 2751 1755 2797 ⁷)
1806 2751 2087 2792 Verumtamen
2121 2756 2281 2799 apparet

212 2842 241 2882 ¹)
263 2837 486 2871 Bacchanalia
505 2840 768 2872 Tarentinorum
792 2844 827 2871 et
847 2837 994 2883 Magnae
1016 2836 1182 2870 Graeciae
1211 2836 1247 2869 in
1268 2836 1467 2870 universum
1494 2837 1682 2882 respiciunt
1702 2837 1897 2882 sophoclea
1917 2833 2027 2868 verba
2046 2833 2164 2879 Antig.
2186 2837 2282 2871 1105.

210 2894 261 2929 sq.
281 2877 408 2915 ιλντιὶν
431 2876 469 2913 ὅσ
492 2877 658 2921 dminus
674 2879 834 2915 'hal-m.
856 2881 902 2914 ef.
926 2880 1056 2923 Gry-sar
1076 2880 1103 2913 1.
1129 2890 1162 2924 p·
1184 2880 1227 2915 35
1243 2890 1292 2925 sq.
1315 2879 1409 2912 Idem
1435 2880 1489 2913 vir
1512 2880 1630 2913 doctus
1649 2886 1730 2927 post
1751 2879 1836 2912 alios
1856 2877 2007 2916 monuit,
2033 2887 2190 2925 nummos
2217 2876 2283 2910 lu-
