2468 3070
1183 32 1236 69 36

323 139 549 179 Dicendum
577 139 746 190 denique
775 146 834 175 est
863 137 912 175 de
940 137 1188 181 dialecto.
1232 138 1386 185 Paucis,
1414 150 1514 189 quos
1540 140 1793 189 laudavimus,
1818 144 1999 181 versibus
2024 147 2122 184 nihil
2147 148 2253 186 evin.

180 193 308 239 citur,
350 191 421 231 sed
446 189 624 228 Rhintho
661 188 833 227 dubitari
858 188 995 240 nequit
1036 189 1130 241 quin
1166 197 1303 227 vetere
1335 188 1540 239 scripserit
1574 189 1743 229 dialecto
1770 193 1982 231 Tarentina
2010 194 2071 243 ³⁸).
2086 205 2253 248 propter

178 244 312 281 locum
335 241 537 292 Apollonii
563 240 725 289 Dyscoli
751 239 801 276 de
828 252 1010 289 pronom.
1039 252 1077 289 p.
1104 241 1193 277 364.
1224 251 1259 277 c.
1287 239 1428 285 Bekk..
1468 238 1589 289 idque
1617 251 1662 276 ea
1689 240 1740 277 de
1767 253 1883 281 eausa
1908 244 2122 286 instituisse
2146 248 2252 287 vide-

180 301 257 341 tur,
267 291 372 343 quod
383 298 589 329 antesuam
604 291 725 342 ipsius
753 297 921 329 aetatem
947 289 987 325 in
1013 289 1253 327 solemnibus
1278 288 1426 328 Bacchi
1451 289 1499 326 ad
1525 289 1801 328 oblectandum
1840 294 2139 346 opulumpatrio
2165 309 2253 336 ser„

179 355 295 381 mone
329 342 557 392 nugatoriae
593 341 748 379 fabulae
785 340 1020 389 ederentur,
1071 354 1236 391 quarum
1261 334 1498 390 (φλυάκων)
1524 352 1669 377 nomen
1694 340 1798 378 Rhin
1848 343 1934 380 onis
1960 344 2131 383 dramata
2156 349 2253 386 reti-

181 405 317 431 nuere.
371 393 530 441 Grysar.
558 404 648 441 pag.
675 393 728 429 54
753 405 809 442 sq.
859 392 1004 428 Miiller
1028 404 1117 442 pag,
1145 391 1255 438 364„
1281 394 1368 440 ipse
1396 390 1471 440 jam
1497 389 1545 426 ad
1570 390 1663 427 artis
1687 403 1867 429 normam·
1890 394 2093 432 constituit
2120 403 2160 434 et
2184 396 2253 434 im.

180 442 344 480 mutavit
371 449 527 479 veteres
554 441 681 490 plebis
709 441 878 488 delicias,
906 437 1081 494 α’ρχηγός
1109 441 1237 478 dictus
1264 442 1339 491 τῆς
1365 437 1706 492 ἱλαροτραγωδίας
1732 454 1754 478 a
1780 441 1911 479 Suida.
1941 442 2098 480 Minime
2123 452 2251 483 tamen

181 492 349 542 ambigo,
374 491 469 540 quin
486 491 695 527 Tarentina
711 491 880 527 dialecto
902 504 960 538 ea,
987 506 1062 542 qua
1090 491 1206 528 decet
1231 492 1435 537 artificem,
1461 491 1612 527 ratione
1638 497 1758 539 poeta
1783 504 1877 529 usus
1904 491 1969 538 sit,
1995 495 2252 549 temperando

180 549 220 579 et
247 539 510 586 emendando,
552 540 881 590 quemadmodum
916 549 956 578 et
980 541 1232 591 Sophronem
1273 548 1314 579 et
1340 539 1617 592 Epicharmum
1643 538 1789 577 fecisse
1826 540 2030 593 existimo3
2078 541 2253 593 judican-

180 591 274 627 dum
301 590 352 626 de
377 589 437 625 his
465 590 648 637 exemplo
677 589 885 626 Theocriti
911 590 951 626 in
978 591 1146 627 dialecto
1173 604 1252 628 non
1279 604 1437 641 semper
1463 589 1537 627 sibi
1564 589 1786 627 constantis.
1838 591 2044 637 Ceterum,
2070 592 2253 641 quoniam

178 640 300 677 multa
335 638 499 675 intexuit
535 638 710 675 Rhintho
748 637 887 677 fabulis
929 641 1008 677 suis
1043 640 1234 678 voeabula
1269 642 1332 679 vel
1359 640 1512 679 omniuo
1540 639 1692 675 rariora
1717 639 1783 675 vel
1809 640 1970 690 Magnae
1996 639 2185 681 Graeciae
2212 648 2253 678 et
2280 670 2284 674 .

181 689 406 726 Tarentinis
437 689 618 738 propria,
645 695 796 725 mature
824 701 870 726 ea
896 703 916 726 a
943 691 1203 739 grammaticis
1230 691 1423 728 illustrata
1449 697 1539 728 sunt
1566 688 1827 739 glossematis,
1854 702 2022 740 quorum
2047 689 2163 739 plura
2190 703 2254 728 ae-

179 745 301 777 tatem
337 746 508 779 nostram
544 738 686 775 tulere.
738 738 805 776 Sic
833 738 1060 778 Athenaeus
1085 740 1111 780 l.
1138 752 1173 777 c.
1202 740 1440 778 Rhinthonis
1467 740 1729 791 fragmentum
1761 739 1912 777 notavit
1944 746 2114 790 propter
2140 752 2254 777 usum

181 790 292 826 vocis
318 784 531 834 ὑστιακόν,
558 789 746 837 poculum
774 789 974 839 quoddam
1000 789 1266 839 significantis,
1293 805 1407 841 quam
1434 803 1574 829 vocem
1599 788 1819 837 Hesychius
1847 802 1879 828 s.
1901 802 1939 829 v.
1964 783 2164 833 ὕστιακός
2186 789 2253 827 tri·

180 838 270 876 buit
298 839 482 885 Italiotis,
523 838 720 875 inventam
749 838 790 874 in
815 839 985 876 Diodori
1018 835 1218 892 γλώσσαις
1244 840 1474 885 Ἰταλικαῖς.
1503 839 1556 880 ef.
1585 839 1825 879 Valckenaer
1851 838 1900 876 ad
1926 838 2099 877 Theocr.
2125 839 2251 877 Adon.

179 903 219 939 p.
244 890 335 928 294.
360 891 406 927 B.
433 890 700 924 Memorantur
731 888 828 925 aliae
865 902 984 926 voces
1013 887 1037 930 o‘
1063 887 1269 942 φαινόλης
1296 893 1320 931 i.
1351 905 1383 929 e.
1413 891 1578 942 paenula
1606 889 1746 927 Pollux
1775 891 1868 932 Vll..
1903 890 1967 927 61.
1995 887 2049 929 cf.
2077 888 2253 938 Hesych.

180 950 266 979 s.v.
294 933 476 989 φαινόλα
504 950 594 974 cum
621 937 745 988 intpp.
772 937 997 989 Schweigh.
1026 941 1074 977 ad
1099 942 1244 980 Athen.
1264 943 1339 987 111„
1365 943 1428 981 52.
1447 934 1760 990 -κροῖββατον,
1787 939 1971 989 grabatus
1982 939 2125 975 Pollux
2152 940 2254 985 V11.‚

179 989 270 1035 35„
311 988 379 1024 ubi
405 987 582 1024 Ruhnius
619 994 755 1024 censet
790 986 890 1023 hanc
916 1001 1054 1026 vocem
1081 1004 1102 1026 a
1128 991 1268 1027 Siculis
1297 998 1337 1028 et
1363 991 1584 1027 Tarentinis
1613 1001 1807 1026 emanasse
1833 989 1882 1025 ad
1907 989 1971 1026 vul
2002 1000 2108 1025 arem
2135 988 2255 1025 Grae·

182 1037 268 1074 eiae
306 1037 527 1076 dialectum.
557 1034 608 1073 cf.
637 1036 763 1087 intpp.
792 1036 841 1072 ad
872 1037 1083 1086 Phrynich.
1110 1052 1199 1090 pag.
1225 1042 1277 1077 62
1300 1054 1356 1090 sq.
1387 1040 1447 1076 ed.
1476 1038 1649 1076 liobecli.
1692 1037 1808 1074 Sturz
1836 1038 1886 1075 de
1915 1001 2070 1077 diaiect.
2098 1036 2253 1075 Maced.

179 1100 269 1137 pag.
296 1088 372 1125 175
396 1101 455 1137 sq.
481 1108 530 1115 —
559 1079 739 1132 κάλτιος,
767 1087 920 1124 calceus
947 1089 1091 1126 Pollux
1118 1090 1216 1133 Vll..
1243 1091 1321 1136 90„
1355 1084 1558 1140 ’ὑπόδημα
1583 1087 1734 1127 κοῖλον.
1771 1087 1939 1137 Hesych.
1966 1081 2133 1134 κοίλτοι,
2174 1097 2254 1125 vox

180 1137 313 1173 Sicula
340 1137 496 1174 Salmas.
525 1135 575 1172 ad
601 1137 819 1172 'l'ertullian
855 1136 905 1172 de
937 1138 1027 1187 pall.
1055 1152 1095 1188 p.
1120 1139 1228 1184 ast,
1268 1139 1431 1175 ltaliotis
1471 1140 1562 1175 alias
1598 1132 1852 1188 ὑποδήματα
1888 1145 2081 1174 vocantur
2105 1130 2254 1188 βαστοὶ.

180 1185 355 1235 Hesych.
384 1199 413 1222 s.
442 1197 480 1226 v,
505 1206 554 1214 —
581 1184 777 1235 α’γλευκές
808 1186 1080 1236 injucundum,
1126 1188 1300 1226 Siculum
1328 1199 1414 1225 esse
1441 1187 1677 1226 vocabulum
1703 1187 1883 1232 videtur,
1919 1185 2106 1237 frequens
2131 1185 2254 1223 Rhin-

179 1234 305 1272 thoni.
334 1234 442 1270 Suid.
470 1247 498 1270 s.
523 1246 559 1275 v.
589 1236 891 1285 Comparativus
916 1231 943 1273 α’
970 1236 1228 1287 λευκέστερος
1255 1237 1401 1286 legitur
1426 1238 1531 1286 apud
1558 1236 1741 1286 Xenoph.
1767 1238 1936 1275 Hieron.
1963 1238 2008 1282 1.‚
2034 1235 2097 1275 21.
2125 1236 2253 1297 intpp·

179 1284 229 1322 ad
256 1284 384 1334 ejusd.
413 1283 565 1324 Oecon.
591 1284 711 1332 Vm„
737 1287 773 1325 3.
800 1285 935 1323 Lobec
989 1287 1037 1324 ad
1064 1288 1208 1336 Phryn.
1236 1300 1274 1337 p.
1305 1288 1356 1323 89
1382 1299 1442 1337 sq.
1465 1287 1553 1324 536.
1580 1287 1713 1329 -Δίς
1740 1293 1854 1323 vetus
1881 1283 2010 1321 forma
2028 1297 2111 1370 ⁴pro
2140 1283 2255 1327 Ζευς

178 1334 342 1371 Beliker
367 1333 500 1371 anecd.
529 1341 618 1369 tom.
646 1337 709 1373 111.
737 1349 774 1384 p.
804 1337 929 1382 1194„
966 1337 1035 1372 sed
1062 1338 1280 1385 improbata
1311 1350 1330 1371 a
1355 1336 1618 1382 grammatico,
1646 1335 1697 1372 cf.
1725 1335 1925 1371 Maittaire
1951 1337 2001 1371 de
2056 1335 2182 1373 ialect.
2207 1349 2255 1384 p..

178 1383 256 1421 2.
281 1396 299 1419 s
330 1410 341 1422 .
366 1383 499 1419 Sturz.
551 1382 670 1419 Multa
697 1384 802 1434 apud
827 1385 1069 1434 Hesychium
1098 1386 1283 1435 leguntur
1310 1396 1331 1420 e
1359 1384 1585 1421 Rhinthone
1611 1384 1758 1434 petita,
1787 1383 1844 1420 sie
1871 1378 2064 1426 o'c'osxvoc:
2092 1378 2256 1435 α’γαθός

180 1454 224 1460 -
255 1395 407 1484 raetiani:
432 1426 609 1481 μάντεις
636 1436 840 1480 (Perizon.
869 1436 917 1471 ad
943 1436 1030 1475 Ael.
1058 1437 1107 1474 V.
1136 1437 1186 1474 H.
1212 1437 1309 1478 xn..
1335 1435 1393 1472 46.
1411 1434 1509 1471 adde
1537 1435 1616 1472 Cic.
1644 1434 1693 1471 de
1720 1434 1839 1472 divin.
1856 1435 1899 1478 l„
1924 1433 2108 1484 20)apud
2134 1433 2256 1471 Rhin-

180 1481 345 1520 thonem
373 1482 537 1532 piscium
563 1494 699 1532 genus.
728 1483 781 1523 οῗ.
809 1484 935 1535 intpp.
962 1485 1011 1521 ad
1037 1485 1208 1532 Hesych.
1237 1484 1261 1519 1.
1289 1496 1324 1520 c.
1358 1506 1400 1510 --
1430 1484 1589 1535 ζεῦγοιι
1628 1477 1774 1535 βρόχοι
1800 1477 1997 1533 ὀρνίθων.
2053 1483 2179 1522 vales.
2206 1483 2254 1520 ad

183 1534 257 1572 loc.
286 1556 332 1563 —
358 1526 565 1586 κάρκαραε
591 1527 774 1586 μάνδρα,
802 1534 870 1572 sed
897 1536 1056 1573 mutilus
1080 1541 1143 1573 est
1169 1535 1302 1581 locus,
1329 1533 1446 1585 vulgo
1475 1541 1534 1572 est
1561 1546 1699 1572 carcer
1725 1533 1843 1573 Diod.
1872 1546 1956 1572 exc.
1982 1532 2130 1574 Photii.
2155 1539 2253 1575 tom.

181 1584 227 1620 n.
255 1595 296 1632 p.
321 1583 406 1619 516.
436 1583 688 1632 XWesseHng,
715 1595 816 1633 quae
836 1596 919 1620 ,νοις
947 1597 996 1620 ex
1022 1585 1207 1619 idiomate
1236 1585 1391 1619 Graeco
1419 1584 1540 1618 habet
1566 1585 1772 1633 originem.
1793 1603 1841 1611 —
1868 1578 2108 1633 κομοῖκτωρε
2136 1579 2166 1632 ἦ
2195 1583 2254 1621 λέ-

182 1634 242 1677 ξις
269 1625 384 1682 napa*
412 1626 621 1678 Ῥίνθωνι,
650 1634 791 1682 procul
819 1632 943 1671 dubio
973 1647 993 1670 a
1019 1635 1219 1684 κομᾷν-
1237 1631 1377 1682 σαλιᾷτ
1407 1627 1538 1683 οἷρκεῖ,
1567 1640 1611 1669 ut
1637 1631 1796 1670 videtur
1821 1631 1868 1669 ab
1897 1632 2005 1679 ἅλις,
2031 1633 2253 1682 anteposito

181 1683 343 1734 sigmate
368 1683 456 1718 loco
485 1683 678 1731 spii-itus,
699 1683 746 1717 ad
773 1683 901 1730 legem
929 1683 1086 1719 dialecti
1115 1683 1282 1720 Italicae.
1334 1682 1552 1718 Schneider
1577 1682 1708 1717 latein.
1734 1683 2073 1718 Elementarlehre
2099 1689 2197 1719 tom.
2223 1683 2253 1717 1.

179 1746 219 1783 p.
246 1734 344 1776 198..
371 1731 472 1768 unde
499 1731 730 1768 Latinorum
759 1733 863 1768 satis.
891 1732 985 1770 ibid.
1013 1746 1054 1782 p.
1082 1734 1170 1771 257.
1198 1754 1247 1759 ›—
1274 1730 1516 1774 σαπυλλεῑν;
1556 1734 1730 1777 σαίνειν,
1766 1730 1932 1768 verbum
1959 1729 2147 1767 Doricum
2157 1757 2170 1776 ,
2210 1737 2255 1768 ut

180 1789 294 1831 putat
322 1781 644 1816 Hemsterhusius
671 1781 719 1816 ad
746 1782 917 1828 Hesych.
944 1781 1156 1819 α’πυλλέτω
1185 1790 1280 1819 tom.
1309 1784 1336 1819 1.
1363 1795 1403 1829 Ρ.
1429 1783 1515 1818 504.
1546 1781 1609 1818 ed.
1636 1780 1805 1817 Alberti.
1834 1802 1883 1808 —
1908 1775 2132 1829 σοῖννοροςε
2161 1794 2254 1830 μω-

179 1826 268 1881 ρός,
300 1831 416 1880 vulgo
445 1824 601 1873 σιὶννιις
629 1843 649 1866 a
676 1833 847 1875 σαίνειν,
874 1830 979 1868 unde
1007 1831 1235 1867 Latinorum
1262 1842 1378 1865 sanna
1406 1835 1446 1865 et
1472 1829 1604 1865 sannio
1631 1850 1680 1855 —-
1707 1822 1918 1879 σοῖρματατ
1944 1823 2095 1878 κόπρια
2122 1842 2144 1865 a
2168 1841 2255 1867 ver—

179 1882 233 1917 bo
272 1884 429 1928 σαίρειν
469 1881 532 1916 vel
570 1882 723 1928 σαροῦν
766 1881 893 1929 intpp.
922 1880 970 1916 ad
1010 1879 1219 1927 Phrynich.
1245 1892 1289 1926 p.
1316 1879 1377 1918 83.
1406 1878 1581 1916 Βοὺεοίι.
1609 1878 1726 1914 Sturz
1768 1882 1817 1915 de
1852 1881 2007 1919 dialect.
2034 1877 2185 1917 Maced.
2213 1892 2253 1929 p.

178 1930 283 1971 192..
310 1929 415 1966 unde
442 1930 669 1965 Latinorum
697 1929 855 1967 sarrire.
883 1928 936 1968 ef.
963 1930 996 1965 F
998 1929 1146 1968 avorin.
1173 1950 1223 1955 —
1249 1930 1448 1979 τροχαιάτ
1475 1923 1504 1977 ἡ
1532 1921 1652 1972 ὁδός,
1688 1935 1803 1976 apte,
1829 1931 1868 1963 in
1896 1942 1974 1979 qua
1998 1926 2181 1980 τρέχουσι
2207 1948 2256 1955 -

179 1974 363 2029 ὐδροῖναε
405 1980 464 2022 εἰς
490 1981 652 2017 θυσίαν
677 1975 916 2029 α’κραιφνές.
942 1999 993 2006 -
1017 1978 1137 2014 Plura
1170 1977 1345 2015 dabimus
1381 1977 1419 2014 in
1467 1977 1737 2027 disquisitione
1774 1977 1959 2029 singulari
1999 1978 2048 2016 de
2087 1976 2254 2017 dialecto

177 2029 402 2073 Tarentina,
1553 2048 1556 2051 ⁴

1020 2101 1409 2161 Praestigiatores.

330 2202 398 2249 lis,
424 2216 526 2253 quae
552 2204 602 2241 de
628 2215 674 2240 re
701 2204 856 2242 scenica
882 2203 986 2253 apud
1013 2203 1248 2240 Tarentinos
1275 2203 1468 2253 disputata
1495 2210 1605 2250 sunt,
1633 2202 1861 2254 appendicis
1886 2202 1977 2241 loco
2002 2214 2128 2253 pauca
2153 2202 2253 2241 addo

181 2254 230 2290 de
257 2252 637 2302 praestigiatoribus.
691 2254 828 2289 Tradit
855 2254 957 2289 enim
985 2253 1208 2290 Athenaeus
1237 2255 1266 2291 1.
1291 2267 1329 2308 p.
1356 2254 1419 2292 20,
1445 2267 1492 2295 a.,
1528 2252 1699 2290 famosos
1738 2253 1842 2302 apud
1881 2253 2145 2289 Alexandrum
2170 2253 2255 2288 Ma—

180 2316 299 2352 gnum
327 2300 451 2337 fuisse
478 2298 827 2352 stattpcwtossotoz'g
854 2303 1119 2349 Scymnum
1147 2304 1418 2347 Tarentinum,
1446 2301 1675 2339 Philistiden
1705 2302 1986 2351 Syracusanum
2013 2308 2052 2338 et
2079 2300 2256 2338 Heracli-

178 2359 263 2390 tum
289 2351 564 2399 Mytilenaeum
592 2352 664 2400 (οἳ,
690 2353 812 2388 I'lehn
840 2351 1017 2388 Lesbiae.
1044 2365 1083 2400 p.
1109 2352 1240 2395 2033,
1266 2351 1352 2408 qui,
1387 2365 1505 2401 quum
1532 2364 1619 2388 suas
1645 2352 1938 2401 amicorumque
1977 2351 2133 2400 nuptias
2170 2349 2256 2394 (de-

182 2402 350 2451 scriptas
375 2414 399 2437 a
428 2400 600 2438 Charete
629 2403 673 2440 ἐν
700 2403 753 2453 τῇ
779 2395 934 2452 δεκάτῃ
962 2401 1044 2439 ταῖν
1070 2400 1163 2449 περὶ
1190 2395 1468 2451 Ἀλέξανδρον
1494 2403 1683 2451 ἱστοριῶν
1709 2400 1813 2451 apud
1839 2400 1979 2438 Athen.
2004 2402 2087 2441 ΧΠ.
2114 2412 2155 2457 p.
2179 2398 2258 2435 5³8

180 2456 261 2501 sq.)
288 2450 430 2498 insigni
459 2463 606 2500 pompa
632 2464 703 2487 rex
740 2451 982 2495 celebrabat,
1027 2451 1175 2486 artibus
1216 2451 1464 2487 oblectabant
1501 2460 1766 2501 spectatorum
1799 2449 2082 2501 frequentiam,
2118 2462 2159 2485 in
2194 2447 2255 2483 his

181 2502 285 2537 enim
311 2499 477 2549 nuptiis,
507 2507 551 2536 ut
577 2501 630 2538 ait
658 2501 822 2546 Chares,
860 2494 1175 2552 ἐλειτούργησαν
1202 2494 1317 2540 πάνυ
1343 2499 1486 2539 πολλοὶ
1513 2501 1577 2540 καὶ
1603 2502 1684 2554 βρα
1719 2495 1830 2552 α’ρων
1849 2499 1915 2539 καὶ
1942 2494 2160 2549 Ἑλλήνων
2187 2494 2255 2534 καὶ

181 2545 266 2589 cino*
294 2551 369 2598 τῆς
396 2548 588 2599 Ἰνδικῆς.
652 2552 873 2600 Exscripsit
908 2551 1101 2588 Athenaei
1143 2552 1274 2589 locum
1311 2552 1491 2587 Aelianus
1520 2552 1565 2592 V,
1592 2554 1638 2592 Η,
1695 2554 1770 2598 ἸΙΙ,
1807 2552 1860 2597 7.,
1896 2558 1940 2587 ut
1966 2550 2112 2587 docent
2136 2545 2254 2584 verba

182 2601 389 2650 utriusque
415 2602 588 2637 auctoris
615 2602 719 2637 inter
745 2613 788 2638 se
816 2609 1058 2651 comparata,
1087 2600 1185 2638 adeo
1213 2607 1343 2638 tamen
1370 2601 1613 2650 negligenter
1636 2602 1674 2637 in
1699 2601 1777 2639 hoc
1805 2600 1966 2650 negotio
1993 2603 2187 2644 versatus,
2211 2602 2256 2633 ut

184 2649 333 2685 Indicos
360 2648 511 2686 faceret
534 2651 623 2688 illos
650 2651 984 2702 praestigiatores.
1009 2651 1100 2690 vide
1127 2651 1311 2692 Perizon.
1341 2650 1389 2688 ad
1418 2652 1566 2688 Aelian.
1594 2652 1618 2688 l.
1647 2664 1681 2692 c,
1734 2652 1881 2701 Negari
1908 2648 2067 2701 quidem
2095 2646 2157 2685 vix
2182 2657 2253 2697 po·

185 2778 358 2828 hominem
380 2791 449 2812 non
472 2783 671 2816 abstinuisse
693 2796 712 2816 a
734 2785 884 2817 ridendis
906 2784 1033 2817 civium
1055 2785 1220 2826 moribus,
1241 2791 1279 2817 ut
1301 2784 1411 2817 credit
1433 2784 1573 2827 Grysar.
1593 2794 1671 2828 pag.
1692 2785 1754 2822 53„
1778 2781 1978 2815 illudentem
2000 2779 2055 2820 iis,
2126 2779 2135 2788 ‘
2168 2776 2255 2810 mari

180 2821 335 2896 giselbus
359 2822 575 2883 abundante,
597 2838 733 2877 inriguas
755 2828 818 2878 sibi
845 2834 1006 2880 pararent
1029 2827 1185 2872 piscinas.
1252 2829 1295 2873 ³²³)
1321 2827 1481 2881 Doricum
1504 2832 1596 2876 certe
1619 2832 1670 2858 est
1692 2826 1923 2869 fragmentum
1944 2822 2140 2868 Iphigeniae
2160 2818 2255 2862 apud

210 2865 315 2900 olluc·
337 2864 431 2904 V11.‚
454 2867 512 2898 61-
549 2878 665 2909 εχουεη
688 2882 809 2903 καιναν
830 2869 1006 2909 vaivoun.
1026 2871 1075 2906 cf.
1097 2871 1244 2915 Hesych.
1264 2872 1410 2917 φαινολα
1433 2870 1516 2914 ibiq.
1541 2874 1652 2913 mtpp.
