2468 3070
222 180 281 215 74.
309 170 525 209 Swinburn.
555 171 584 207 1.
617 181 656 217 p.
685 167 771 205 277.
799 164 894 203 Salis
919 178 960 215 p.
990 164 1065 202 11⁰
1090 176 1146 215 sq.
1196 164 1258 202 Ad
1289 164 1395 201 illam
1432 170 1556 200 artem
1594 161 1761 200 fortasse
1798 163 1839 199 in
1876 160 2040 199 nummis
2076 159 2284 200 reserenda

224 231 282 260 est
295 221 409 267 diota,
437 219 590 270 qualem
606 217 722 253 etiam
734 217 905 253 Ceorum
931 214 1076 250 nummi
1089 213 1275 250 exhibent
1294 213 1530 251 Briindsted.
1545 213 1629 249 itin.
1648 220 1741 252 tom.
1756 216 1771 249 I
1798 227 1836 262 p.
1852 213 1935 249 122,
1952 211 2004 251 cf.
2020 210 2098 250 tab.
2115 212 2283 257 XXVH..

223 273 262 308 in
288 272 370 308 aliis
399 267 561 305 nummis
588 280 652 305 vas
681 264 940 313 conspicitur,
974 277 1047 302 una
1080 269 1228 300 tantum
1261 275 1352 300 ansa
1383 262 1548 300 addita..
1576 261 1751 299 Mionnet
1781 269 1875 299 tom.
1905 263 1933 301 1.
1960 273 2000 311 p.
2029 261 2115 298 148.
2141 261 2280 311 Suppl,

222 329 315 363 tom,
342 322 370 356 l.
397 331 432 367 p.
458 317 545 356 292.
599 318 716 353 Dono
745 315 831 351 data
859 320 948 350 sunt
975 313 1171 362 ejusmodi
1196 326 1284 351 vasa
1310 313 1370 359 iis,
1396 312 1464 362 t’jui
1489 312 1529 347 in
1552 312 1652 348 ludis
1679 313 1800 349 sacris
1827 311 2043 348 victoriam*
2056 319 2283 359 reportave-

221 377 306 407 rant
331 366 566 406 VVincltelm.
594 379 617 403 o
648 379 686 414 p.
712 372 805 400 tom.
834 363 896 402 111.
923 376 961 412 p.
987 364 1063 400 249
1084 376 1156 414 sq.,
1197 371 1242 400 ut
1266 362 1328 401 vel
1357 369 1526 411 propter
1551 362 1612 398 rei
1637 360 1896 412 gymnasticae
1923 359 2026 410 apud
2052 360 2281 398 Tarentinos

221 416 373 454 laudem
411 416 460 452 de
486 416 585 452 vasis
635 413 818 450 'abricatis
849 413 976 462 possit
1010 412 1162 464 colligi,
1201 425 1275 450 nec
1308 412 1433 448 minus
1468 419 1637 462 propter
1661 411 1809 448 Bacchi
1845 410 2006 448 cultum.
2058 410 2206 459 Grysar
2231 410 2280 447 de

223 467 321 505 Dor.
349 464 529 503 comoed.
555 466 581 502 1.
607 478 647 513 p.
672 464 723 500 38
742 476 800 514 sq.

1120 522 1163 570 6)
1187 522 1376 563 Pictura.

375 589 506 646 Quum
542 589 590 625 de
626 589 779 637 pictura
816 595 993 625 veterum
1025 589 1063 623 in
1098 587 1325 624 universum
1359 586 1600 636 paucissimis
1626 585 1800 634 vestigiis
1827 584 2078 641 judicandum
2105 587 2175 632 sit,
2219 588 2277 622 vix

221 638 365 689 aliquid
391 645 493 677 inter,
527 650 572 674 ea
605 638 653 674 acl
681 636 910 672 Tarentinos
937 644 980 672 ut
1006 635 1198 683 pertineat
1223 636 1400 672 accidit.·
1431 637 1492 670 Ex
1519 636 1661 683 Magna
1695 635 1860 670 Graecia
1895 634 2121 670 duumviros
2155 636 2279 671 solum

221 688 312 724 novi
337 687 533 736 pictores,
570 687 734 722 alterum
761 686 940 722 Sillacem
967 684 1208 733 Rheginum,
1273 684 1312 720 ui
1339 683 1523 719 Phliunte
1552 683 1743 732 picturam
1771 683 1920 718 Fecerat
1946 683 1985 718 in
2011 683 2279 720 Polemarchia

222 737 398 786 porticu,
435 743 778 773 commemoratum
811 749 831 771 a
859 733 1058 771 Simonide
1095 733 1260 781 et‘Epic
1291 744 1398 769 armo
1426 731 1569 770 Athen.
1600 734 1645 770 V.
1673 745 1714 781 p.
1740 733 1828 770 21⁰.
1857 731 1912 775 b.,
1940 732 2106 769 alterum
2132 733 2277 769 Zeuxin

222 785 521 822 celeberrimum
549 786 673 821 civem
701 785 975 822 Heracleoten.
1003 783 1102 819 Plin.
1130 783 1299 828 XXXV„
1324 783 1387 825 36,
1414 783 1451 820 2.
1480 781 1629 817 Aelian.
1659 782 1707 820 V.
1732 783 1783 818 H.
1802 781 1885 826 IV„
1913 782 1990 827 12,
2017 794 2145 831 quem,
2173 782 2278 833 quod

222 835 386 884 picturis
414 834 565 871 ornavit
590 834 779 882 templum
806 832 966 869 Junonis
995 831 1171 867 Laciniae
1201 831 1281 869 Cic.
1307 831 1355 867 de
1382 831 1527 867 invent.
1556 832 1615 876 ll,
1641 832 1702 867 10.
1729 831 1947 865 Heracleae
1976 832 2276 867 Tarentinorum

224 884 397 920 coloniae
433 883 683 921 vindicemus.
734 882 921 918 Harduin.
948 881 996 917 ad
1020 881 1117 916 Ptin.
1144 881 1168 917 l.
1199 893 1231 917 c.
1258 881 1368 930 Sillig
1396 880 1559 928 catalog.
1588 893 1625 928 p.
1651 881 1727 916 459
1751 892 1810 929 sq.
1866 880 2118 916 Tarentinum
2154 882 2276 930 picto-

224 935 307 970 rem
333 945 409 970 non
435 932 571 978 habeo,
600 944 716 983 quem
742 931 877 970 dicam.
915 929 994 967 Sed
1020 929 1129 966 urbis
1153 936 1305 966 constat
1332 929 1508 966 aedilicia
1537 929 1703 978 picturis
1729 936 1863 964 ornata
1889 927 2028 973 fnisse,
2057 943 2177 979 quum
2203 942 2275 965 non

222 984 346 1017 solum
372 984 478 1030 signa
505 983 574 1016 sed
602 984 715 1016 etiam
742 982 891 1016 tabulas
918 982 954 1015 in
980 980 1180 1027 triumpho
1209 980 1258 1016 de
1274 980 1492 1015 Tarentinis
1518 988 1606 1015 acto
1633 986 1838 1016 recenseat
1865 979 2005 1015 Florus
2027 980 2065 1025 L,
2092 980 2167 1024 18..
2183 980 2274 1016 item

220 1031 397 1081 picturae
423 1038 689 1068 memorentur
722 1036 812 1080 post
840 1029 1034 1066 devictum
1061 1041 1082 1065 a
1109 1027 1239 1065 Fabio·
1258 1030 1466 1065 Tarentum
1491 1028 1690 1064 Plutarch.
1720 1029 1751 1063 F
1754 1027 1813 1066 ab.
1839 1029 1913 1073 22„
1938 1040 2065 1076 prope
2093 1035 2136 1063 ut
2163 1029 2274 1076 Syra-

222 1093 399 1115 cusarum
436 1088 660 1114 ornamenta
694 1080 956 1126 aequaverint.
998 1080 1083 1119 Liv,
1109 1080 1283 1125 xxva,
1312 1081 1372 1117 16.
1413 1079 1496 1114 Nisi
1518 1078 1599 1125 alii,
1627 1086 1738 1114 crant
1765 1085 1875 1114 certe
1903 1078 2063 1114 Tarenti
2090 1077 2273 1123 artifices,

224 1128 291 1177 qui
318 1126 415 1166 vasis
441 1126 646 1177 pingendis
674 1139 804 1164 curam
831 1125 1112 1177 impenderent.
1437 1131 1440 1132 ’

1139 1198 1181 1243 7)
1208 1198 1356 1236 Poesis.

369 1261 585 1311 Antequam
612 1260 657 1298 ad
685 1261 832 1298 litteras
860 1260 1143 1310 perveniamus,
1170 1259 1323 1310 poesin,
1350 1271 1449 1310 quae
1475 1258 1646 1296 arctiore
1672 1259 1829 1297 vinculo
1857 1272 1971 1310 quam
1999 1267 2153 1296 ceterae
2173 1268 2274 1296 artes

223 1321 310 1344 cum
335 1309 477 1345 litteris
506 1312 777 1358 conjungitur,
812 1311 958 1358 quippe
985 1323 1052 1345 usa
1081 1312 1163 1358 ipsa
1189 1311 1318 1356 lingua
1345 1317 1525 1358 tanquam
1552 1323 1717 1358 organo,
1759 1318 1800 1347 et
1826 1318 1930 1346 artes
1957 1310 2166 1347 recitandis
2194 1323 2276 1347 cat·-

221 1357 387 1396 minibus
415 1358 597 1406 inventas,
626 1359 757 1410 quales
784 1359 886 1409 apud
915 1359 1146 1394 Tarentinos
1174 1357 1396 1394 exstiterint
1423 1357 1766 1397 considerabimus.

852 1437 892 1475 a)
944 1434 1127 1469 Pocsis
1175 1433 1320 1482 opica
1366 1440 1417 1469 et
1460 1432 1636 1480 lyrica.

367 1498 530 1535 Poetam
557 1497 710 1547 epicum
733 1497 997 1543 Tarentinum,
1025 1498 1093 1549 qui
1118 1497 1203 1548 ipse
1230 1496 1396 1535 carmina
1424 1496 1693 1547 composuerit
1719 1510 1839 1548 quum
1864 1496 2064 1534 hominum
2090 1498 2273 1534 memoria

218 1559 294 1581 non
320 1548 486 1591 noverit,
512 1548 606 1582 nihil
634 1555 793 1596 praeter
815 1548 978 1582 hominis
998 1548 1199 1583 Tarentini
1227 1547 1454 1583 Alexidis
1481 1560 1622 1584 nomen
1652 1555 1848 1584 servatum
1875 1556 1947 1593 est,
1973 1548 2040 1598 qui
2066 1548 2103 1584 in
2131 1548 2271 1597 nuptiis

217 1595 426 1631 Alexandri
452 1595 668 1644 rhapsodus
700 1596 747 1639 ¹⁴)
774 1597 941 1633 carmina
968 1597 1119 1645 (epica,
1147 1596 1284 1644 lyrica,
1324 1595 1488 1645 jambica
1519 1595 1631 1632 Wolf
1650 1597 1803 1646 proleg.
1830 1597 1878 1632 ad
1911 1599 2027 1635 Hom.
2054 1610 2092 1646 p.
2119 1599 2169 1633 97
2194 1599 2270 1645 sq.)

217 1644 422 1690 recitabat.
451 1645 593 1684 Athen.
621 1647 704 1683 XII.
731 1659 768 1693 p.
797 1646 881 1681 538.
910 1658 944 1683 e.
983 1647 1073 1682 Pari
1100 1646 1217 1682 modo
1244 1658 1372 1695 neque
1399 1645 1578 1682 inclaruit
1605 1653 1720 1694 poeta
1748 1646 1982 1683 Tarentinus
2009 1646 2162 1695 lyricus,
2190 1647 2270 1682 sive

218 1692 365 1741 elegus,
392 1696 475 1729 sive
504 1693 824 1742 dsshyrambicus,
852 1694 933 1729 sive
961 1694 1036 1730 alio
1063 1695 1179 1742 hujus
1206 1696 1299 1729 artis
1326 1705 1471 1741 genere
1497 1695 1681 1737 illustris,
1707 1695 1777 1731 sed
1802 1702 1951 1730 tantum
1979 1698 2152 1732 Strato
2190 1696 2272 1744 qui-

218 1742 304 1777 dam
329 1750 566 1779 memoratus
594 1751 652 1780 est
682 1742 1013 1792 dithyramborum
1041 1744 1304 1794 gesticulator,
1331 1741 1427 1787 τούς
1453 1737 1744 1795 διθυράμβους
1768 1739 2047 1796 μιμούμεφός,
2078 1744 2215 1781 Athen.
2246 1744 2270 1779 t.

216 1804 255 1839 p.
283 1792 345 1830 19.
371 1790 396 1829 f.
424 1792 562 1828 Mahne
590 1793 744 1829 diatrib.
770 1807 808 1842 p.
839 1794 921 1829 152.
974 1794 1114 1830 Elucet
1152 1794 1272 1842 igitur
1308 1794 1446 1843 populi
1474 1795 1676 1831 Tarentini
1702 1795 1750 1830 ad
1786 1807 1870 1831 rem
1897 1797 2089 1832 scenicam
2117 1793 2271 1844 egregia

218 1839 386 1885 indoles,
414 1854 527 1890 quam
555 1842 809 1891 comprobare
837 1841 960 1888 possit
986 1843 1257 1879 Cleanthes
1284 1840 1517 1880 Tarentinus
1544 1845 1647 1879 inter
1673 1844 1952 1880 convivandum
1981 1844 2158 1881 versibus
2186 1856 2271 1879 om·-

217 1889 278 1924 nia
305 1889 681 1936 elocutus,'subitus
707 1890 952 1927 versificator
978 1892 1121 1928 Athen.
1147 1894 1173 1931 Ι.
1200 1905 1241 1940 p.
1269 1893 1305 1933 4.
1333 1892 1371 1931 d.
1426 1895 1458 1928 E
1485 1893 1696 1940 lyricorum
1723 1894 1933 1930 carminum
1960 1894 2191 1929 recitatione
2224 1887 2269 1928 τό

218 1937 357 1988 δρᾶμα
384 1946 514 1976 ortum
541 1947 601 1977 est
627 1940 766 1977 Milller
792 1942 887 1980 Dor.
914 1948 1006 1978 tom.
1037 1942 1065 1979 l.
1095 1955 1133 1990 p.
1152 1943 1262 1989 404„
1304 1942 1411 1992 quod
1436 1941 1483 1978 ab
1510 1942 1623 1979 initio
1654 1941 1776 1979 fuisse
1816 1942 1978 1991 lyricum
2013 1942 2147 1979 docuit
2171 1943 2271 1978 Boe-

218 1988 353 2025 clthius
380 2001 515 2024 oecon.
543 1990 683 2027 Athen.
708 1998 802 2029 tom.
833 1993 874 2025 ll.
901 2003 941 2038 p.
967 1991 1044 2025 362
1065 2003 1121 2039 sq.

367 2038 514 2076 Verum
542 2039 768 2089 priusquam
794 2038 843 2074 de
878 2038 1028 2075 scenica
1061 2039 1174 2089 poesi
1210 2038 1332 2076 verba
1366 2039 1572 2086 faciamus,
1619 2040 1669 2076 de
1694 2041 1918 2077 Leonida
1946 2041 2155 2077 Tarentino
2191 2041 2270 2089 cpi-

216 2095 468 2137 grammatum
493 2088 690 2135 scriptore
717 2088 925 2125 dicer-dum
951 2095 1022 2135 est,
1050 2101 1167 2138 quem
1193 2089 1233 2124 in
1259 2089 1469 2136 lyricorum
1491 2090 1538 2133 15)
1567 2097 1772 2137 poetarum
1799 2103 2003 2126 numerum
2029 2091 2157 2139 aliquo
2185 2090 2269 2138 jure

213 2136 366 2186 referre
393 2135 506 2174 nobis
532 2136 727 2179 videmur.
777 2139 889 2175 Exs..
927 2144 940 2173 t
965 2138 1229 2175 Leonidarum
1255 2138 1421 2174 duorum
1449 2140 1726 2189 epigrammata
1754 2139 1802 2185 ¹⁶]
1830 2147 1908 2175 tam
1931 2139 2133 2175 Tarentini
2159 2152 2268 2189 quam

214 2233 261 2266 ris
287 2236 380 2275 1814.
404 2230 437 2268 8.
462 2244 543 2266 avec
568 2245 637 2266 une
665 2243 829 2278 gravure,
865 2232 1022 2265 libellum
1044 2233 1214 2276 inspicere
1234 2243 1302 2264 non
1325 2233 1430 2267 licuit.
1472 2233 1660 2265 Servantur
1681 2245 1760 2265 vasa
1781 2234 1927 2278 plurima
1953 2235 1988 2265 in
2010 2246 2126 2267 museo
2149 2236 2271 2266 archie-

215 2276 344 2320 piscopi
366 2277 540 2309 Tarentini
562 2277 759 2309 Hausmann
780 2277 804 2310 l.
826 2288 855 2310 c.
875 2287 908 2319 p.
934 2279 1021 2316 120..
1045 2287 1064 2309 e
1085 2276 1210 2321 quibus
1231 2286 1337 2307 unum
1366 2276 1606 2319 perantiquum
1629 2276 1829 2309 illustratum
1852 2283 1902 2309 est
1925 2288 1944 2309 a
1966 2277 2042 2309 viro
2065 2278 2164 2310 docto
2186 2278 2269 2309 Italo

217 2320 255 2352 A.
277 2319 436 2351 Scotti:
457 2319 686 2351 illustrazionc
710 2319 744 2350 di
765 2329 813 2350 un
834 2329 914 2350 vaso
937 2319 1133 2362 italo-greco
1156 2319 1211 2350 del
1233 2329 1350 2349 museo
1374 2319 1407 2350 di
1432 2319 1631 2362 Monsignor
1654 2319 1878 2351 Arci-vescovo
1902 2320 1936 2352 di
1958 2321 2116 2352 Taranto.
2160 2321 2270 2363 Napo-

215 2362 239 2393 li
265 2362 357 2397 1811.
379 2363 424 2401 4.,
447 2361 490 2393 de
518 2372 589 2405 quo
619 2361 708 2393 libro
738 2361 856 2392 retulit
884 2360 996 2391 Mittin
1028 2360 1184 2405 Magazin
1220 2358 1508 2403 enc>clopedique
1543 2366 1625 2394 tom.
1646 2361 1690 2394 11.
1713 2373 1744 2405 p.
1766 2365 1827 2397 201
1855 2373 1907 2405 sq.
1977 2363 2018 2399 Η)
2042 2362 2268 2394 Reminiscerc

214 2415 302 2436 vano
324 2403 435 2435 studio
457 2409 653 2446 correptum
676 2403 874 2445 Dionysium
897 2402 1030 2435 Slciliae
1060 2409 1242 2446 tyrannum
1269 2402 1458 2444 rhapsodos
1481 2403 1619 2446 egregio
1642 2409 1766 2435 ornatu
1787 2403 1925 2437 indutos
1947 2403 2095 2442 misisse,
2132 2404 2189 2448 qui
2210 2414 2269 2435 sua

213 2446 224 2477 i
253 2446 319 2477 sius
342 2445 490 2477 carmina
511 2446 694 2476 recitarent
716 2445 904 2487 Olympiae.
943 2442 1145 2486 ’Υποκριτᾶς
1172 2449 1271 2475 vocat
1292 2444 1460 2476 Diodorus
1483 2445 1589 2483 XIV„
1614 2449 1697 2484 109„
1719 2452 1791 2477 arte
1814 2447 1904 2477 cuim
1925 2447 2126 2489 rhapsodica
2146 2446 2268 2477 actioni

214 2457 424 2520 graecorum
446 2488 539 2518 omni
562 2493 596 2517 et
617 2487 769 2518 scenicae
793 2492 826 2517 et
857 2487 1028 2518 oratoriae
1050 2488 1103 2518 via
1131 2485 1258 2517 munita
1280 2491 1341 2517 cst.
1385 2486 1494 2518 Wolf.
1516 2487 1648 2530 proleg.
1670 2498 1704 2529 p.
1724 2485 1766 2530 96
1788 2498 1841 2530 sq.
1907 2490 1948 2527 ¹⁵)
1972 2488 2039 2518 Per
2060 2494 2190 2530 tempus
2212 2488 2270 2519 ali-

212 2529 322 2573 quod,
364 2539 408 2566 ne
435 2529 499 2560 hoc
528 2528 604 2560 loco
656 2535 860 2567 raeterearn,
897 2528 1033 2560 Tarenti
1054 2533 1281 2560 commoratus
1304 2532 1353 2558 cst
1374 2527 1577 2560 Philoxenus
1600 2529 1890 2563 ‹tntu-rambomnu
1912 2529 2059 2569 scriptor
2082 2529 2269 2572 Cytherius,

214 2582 317 2615 quem
344 2571 399 2605 alii
435 2571 594 2603 ferebant
615 2540 801 2603 fferacleae
822 2571 982 2603 Ponticae
1005 2576 1132 2602 natum.
1177 2569 1271 2602 Suid.
1293 2567 1472 2607 Φιλοξένου
1506 2565 1732 2612 γραμμάτὶον.
1756 2571 1919 2611 proverb.
1941 2571 2097 2604 Vatican.
2117 2571 2193 2607 IV..
2217 2572 2268 2604 37.

213 2615 368 2647 Eundem
392 2614 551 2652 Crotone,
574 2624 643 2646 non
664 2613 803 2646 Tarenti
825 2609 956 2647 deeisse
982 2613 1141 2663 perhibet
1163 2612 1359 2656 Apostolius
1383 2613 1483 2651 MK„
1513 2615 1565 2647 26.
1608 2613 1790 2653 conjectus
1812 2612 1864 2644 hic
1887 2613 2009 2646 artifex
2032 2619 2081 2645 est
2103 2623 2122 2645 a
2144 2613 2271 2658 Diony-

214 2657 265 2689 sio
287 2662 431 2699 tyranno
454 2657 488 2687 in
510 2656 688 2688 lautumias
718 2656 766 2688 int
793 2667 826 2699 p.
847 2644 892 2688 ad
912 2656 1052 2689 Luc-ian.
1071 2656 1146 2688 adv.
1169 2655 1292 2686 indoct.
1319 2660 1387 2693 15.,
1428 2655 1544 2698 ibique
1574 2656 1755 2697 Cyclopem
1778 2666 1874 2686 suam
1902 2656 2050 2688 traditur
2081 2656 2270 2699 scripsisse.

205 2700 321 2741 intpp.
345 2699 389 2731 ad
409 2699 541 2732 Aelian.
586 2698 630 2732 V.
652 2699 695 2731 H.
717 2699 762 2731 xl
797 2722 807 2738 ‚
827 2701 880 2739 44.
921 2698 1069 2742 Propter
1092 2698 1199 2742 ipsam
1221 2696 1393 2728 historiam
1416 2696 1459 2728 de
1482 2701 1602 2740 poetae
1623 2702 1733 2728 aetate
1755 2696 1906 2738 judicare
1931 2698 2027 2735 licet,
2050 2698 2108 2741 qui
2130 2698 2268 2742 Olymp.

210 2740 363 2774 LXXXV
386 2758 426 2764 —
449 2741 490 2776 C.
511 2740 602 2774 vixit.
623 2741 790 2775 Marmor.
810 2741 890 2774 Par.
907 2741 961 2774 82.
1000 2741 1104 2772 Plura
1128 2740 1175 2772 >de
1207 2749 1249 2771 eo
1282 2739 1525 2771 sciscitantibus
1552 2738 1734 2771 satisfaciet
1763 2740 1940 2772 Fabricius
1976 2740 2135 2774 biblioth.
2157 2752 2266 2785 graec.

212 2782 530 2826 v01.11.p.134.315.
544 2783 597 2817 ed.
611 2784 764 2818 Harless.
786 2789 820 2815 et
842 2783 982 2814 Burette
1004 2782 1048 2815 ad
1069 2782 1240 2815 Plutarch.
1262 2781 1305 2813 de
1325 2781 1439 2814 music.
1459 2780 1494 2812 in
1517 2786 1582 2814 act.
1592 2782 1684 2814 acad.
1709 2781 1810 2813 inseri
1838 2789 1861 2815 t.
1882 2783 1956 2815 vol.
1972 2782 2063 2813 xm.
2115 2806 2125 2816 .
2147 2787 2209 2819 200
2219 2794 2267 2825 sq.

210 2827 330 2859 Plures
352 2824 555 2858 Philoxenos
585 2837 628 2858 ne
650 2827 738 2858 iuter
760 2837 797 2858 se
819 2825 1017 2859 confundas.
1057 2825 1203 2857 Perizon
1241 2823 1284 2856 ad
1314 2824 1394 2856 Aet..
1411 2824 1457 2856 V.
1478 2823 1527 2857 H.
1543 2824 1595 2863 X..
1615 2835 1648 2866 q.
1714 2825 1756 2865 ¹⁶)
1779 2824 1806 2855 E
1835 2825 1878 2856 ita
1901 2825 1944 2857 ab
1967 2824 2011 2857 A.
2034 2824 2071 2857 C.
2134 2824 2267 2856 cineke:

206 2869 380 2912 utriusque
402 2866 574 2899 Leonidae
597 2869 744 2901 carmina
765 2869 854 2911 Lips.
879 2872 974 2904 1791.
995 2865 1029 2901 8.
1071 2867 1198 2899 Eadem
1220 2866 1378 2909 leguntur
1402 2866 1438 2899 in
1460 2866 1618 2898 analectis
1643 2866 1805 2898 Brunckii
1828 2873 1909 2900 tom.
1932 2867 1959 2899 1.
1981 2879 2017 2910 p.
2032 2871 2096 2900 220
2109 2878 2158 2910 sq.
2182 2872 2261 2898 tom.
