2468 3070
1191 59 1219 97 ⁵
1708 64 1747 87 ’κ

185 170 243 209 Su
273 168 329 219 pl.
350 168 437 207 m.
460 168 662 217 ffi-aeo.
688 175 804 218 atque
841 165 1032 216 imprimis
1063 178 1105 215 p.
1130 166 1242 218 202„
1280 165 1349 201 ubi
1372 178 1488 202 manu
1513 173 1623 204 tenet
1647 168 1893 216 Victoriam,
1915 167 2020 220 quae
2045 163 2236 209 caroffi

187 181 304 258 toliis.
352 217 457 256 Sola·
470 215 642 268 denique
665 225 809 256 corona
834 222 896 254 est
920 215 961 252 in
984 213 1273 265 nummoapud
1297 214 1487 255 Mionnet.
1513 215 1648 266 Suppl.
1666 229 1707 266 p.
1722 218 1825 266 292„
1850 226 1893 256 et
1944 216 2076 261 uidem
2100 214 2234 254 laurea

185 267 360 306 Mionnet
381 268 413 314 1,
435 278 480 323 p.
504 266 592 304 148.
639 266 798 304 Possint
821 264 1073 303 haecomnia
1097 263 1146 301 ad
1172 270 1384 301 terrestres
1411 264 1714 312 Tarentinorum
1740 267 1889 317 copias,
1964 263 2132 304 enorum
2152 265 2234 302 vie·

185 315 328 362 torius,
364 314 573 361 militarem
597 315 768 367 denique
791 315 959 366 gloriam
982 312 1153 359 referri,
1194 312 1308 364 jubet
1331 321 1461 351 tamen
1487 315 1537 351 de
1563 315 1812 365 equestribus
1840 316 1941 354 ludis
1974 321 2017 353 et
2054 313 2234 352 victoriis
2258 350 2269 361 ,ι

184 364 313 414 accipi
337 363 411 402 alia
434 377 680 407 nummorum
705 366 842 412 series,
865 363 936 401 ubi
960 363 1068 413 ipsos
1093 369 1304 400 coronatos
1330 362 1506 400 videmus
1533 374 1556 399 e
1612 375 1679 412 os,
1705 365 1773 415 qui
1799 377 1918 403 cursu
1942 363 2146 404 victoriam
2171 373 2236 400 re·

185 420 406 499 portarunt.
465 413 611 462 Figura
655 414 847 465 equestris
883 424 1030 464 equum
1065 424 1256 450 coronans
1297 412 1539 462 conspicitur
1618 413 1759 451 'onuet.
1787 415 1884 452 tom.
1907 417 1935 452 1.
1961 427 2003 464 p.
2031 414 2120 452 14⁰.
2144 412 2233 451 141.

210 463 275 508 42.
301 462 389 502 14θ.
413 460 613 512 Supplem.
639 476 680 514 Ρ.
706 465 793 503 276.
817 463 907 502 282.
930 459 1019 502 m.
1044 461 1134 499 284.
1155 462 1232 499 287
1256 473 1333 520 “In'’
1368 469 1485 513 atque
1517 462 1679 513 insuper
1708 463 1881 502 Victoria
1906 464 2034 514 ipsum
2059 467 2234 512 equitem

186 522 380 550 coronans
405 510 599 553 Mionuet.
622 514 654 552 1.
679 527 721 564 p.
746 513 845 559 148„
879 511 980 550 mire
1011 509 1154 548 femina
1181 524 1283 562 equo
1310 511 1482 549 insidens
1508 524 1677 563 eumque
1704 525 1907 551 coronans.
1932 511 2068 562 Suppl.
2094 511 2234 595 p-P·

184 562 227 597 In
252 561 327 598 alio
351 573 507 598 nummo
531 561 657 619 figura
682 564 855 612 equitem
881 574 904 598 a
927 560 1106 600 Victoria
1132 569 1361 598 coronatum
1389 561 1651 611 amplectitur,
1676 562 1804 620 gavisa
1829 563 1882 601 ob
1912 561 2115 600 victoriam
2139 573 2153 596 1
2180 559 2233 599 id.

184 622 225 660 p.
249 610 349 656 281„
375 609 422 647 in'
439 609 513 649 alio
538 623 601 650 vir
624 623 768 663 equum
790 610 938 648 retinet
963 609 1144 648 Mionnet
1168 610 1197 647 1.
1223 623 1262 661 p.
1287 611 1385 659 144„
1416 611 1456 648 in
1490 610 1566 649 alio
1591 609 1737 649 femma
1761 626 1803 663 p.
1831 613 1933 659 146,
1959 609 2145 651 videlicet
2169 621 2233 646 an·

185 659 250 696 xia
276 660 425 706 animo,
460 674 508 697 an
532 661 662 699 victor
689 672 810 711 eques
835 659 992 696 futurus
1018 659 1070 695 sit
1077 671 1091 705 3
1142 659 1215 696 sed
1239 660 1380 696 clarius
1406 660 1526 696 etiam
1553 668 1739 710 apparet,
1780 662 1831 699 de
1855 662 1960 698 ludis
1986 658 2234 709 cogitandum

187 718 273 744 esse
299 707 339 744 in
364 719 413 745 eo
439 721 608 757 nummo,
634 710 673 746 in
694 721 773 760 quo
801 719 823 745 e
855 720 924 745 uus
949 715 1038 745 ante
1062 714 1207 744 metam
1232 708 1475 757 conspicitur
1500 709 1689 749 Mionnet.
1715 711 1745 750 1.
1761 723 1803 761 p.
1817 711 1917 758 141„
1944 716 1985 747 et
2010 708 2095 758 ipsa
2115 712 2235 744 meta.

189 756 325 813 Suppl.
350 770 390 806 p.
413 758 502 805 285.
553 758 757 795 E‘usmodi
781 721 866 794 1:131
901 757 1054 814 copiam
1089 755 1227 793 fecere
1251 757 1473 793 Tarentinis
1515 758 1752 796 excolendae
1787 766 1893 799 tanto
1924 771 1993 796 ere
2034 755 2234 807 equitandi

186 812 301 852 artis,
352 813 395 842 ut
426 807 492 844 vel
525 806 566 843 in
619 806 703 843 ellis
730 819 752 843 e
808 806 905 842 itum
929 812 1053 843 virtus
1080 804 1322 843 inclaruerit.
1350 803 1401 842 cf.
1428 805 1477 842 de
1503 805 1608 843 civit.
1634 808 1790 845 Tarent.
1815 821 1855 858 p.
1879 772 1932 846 ὦ
1958 818 2038 858 sq.;
2073 804 2232 843 accede-

186 853 254 892 bat
279 855 435 905 egregia
460 868 656 907 equorum
681 858 772 906 Apu
789 868 901 893 orum
926 854 1098 902 indoles,
1150 866 1251 905 quae
1278 854 1394 892 etiam
1420 854 1659 893 Thuriorum
1684 856 1789 894 cives
1815 857 1863 894 ad
1887 856 2084 914 equestria
2108 861 2232 891 certa—

184 903 286 940 mina
318 905 552 942 instituenda
576 905 750 954 impulit,
791 904 952 941 Thuriis
980 906 1013 952 ⁷)
1049 904 1139 941 deni
1171 915 1223 940 ue
1257 904 1363 940 idem
1397 904 1568 940 studium
1592 906 1756 942 Romam
1792 906 1956 943 transiit.
1984 903 2111 942 Tacit.
2135 904 2232 939 Anu.

186 953 303 999 xw„
328 954 388 994 21.
414 954 558 1003 Heynii
583 966 719 1005 opusc.
744 961 838 993 tom.
862 955 907 993 11.
932 967 975 1004 Ρ.
1000 954 1087 992 133.
1173 959 1353 1004 questres
1367 953 1668 991 Tarentinorum
1692 954 1775 993 ludi
1801 969 1916 1006 quam
1939 952 2142 1005 magnifice
2167 963 2233 990 ce-

176 1002 328 1045 *lebrati
352 1004 441 1049 sint,
468 1015 517 1039 ex
541 1004 588 1040 iis
615 1004 815 1053 conjicere
840 1004 946 1050 licet,
972 1015 1072 1052 quae
1100 1002 1149 1039 de
1182 1003 1341 1052 pompis
1366 1002 1715 1052 Agrigentinorum
1742 1011 1784 1041 et
1808 1005 2034 1054 quibusnam
2059 1003 2089 1038 ii
2112 1002 2233 1038 hono·

185 1050 294 1089 ribus
342 1051 515 1089 victores
553 1052 921 1098 condecoraverint,
970 1050 1173 1088 Diodorus
1198 1052 1309 1097 xm,
1332 1051 1384 1089 83
1413 1050 1582 1088 tradidit.
1633 1053 1757 1090 Erant
1781 1060 1912 1090 autem
1936 1053 2003 1089 illa
2028 1050 2234 1089 certamina

188 1100 386 1150 equestria
409 1112 680 1152 nonnunquam
704 1100 765 1140 λα
773 1098 1105 1152 μπαὸηφοριά
1115 1113 1148 1146 ι,
1195 1096 1244 1136 fit
1268 1099 1297 1136 ii
1322 1100 1466 1138 docent
1490 1101 1661 1147 nummi,
1694 1102 1736 1138 in
1761 1102 1905 1152 quibus
1931 1114 2052 1152 eques
2081 1099 2234 1149 conspi-

189 1149 292 1185 citur
318 1161 408 1186 cum
431 1150 566 1196 taeda,
601 1163 716 1200 quam
742 1152 861 1188 citato
890 1163 1007 1188 cursu
1030 1156 1142 1185 tenet
1177 1147 1316 1185 dextra
1343 1157 1512 1185 extensa.
1537 1151 1722 1187 Mionnet.
1749 1151 1888 1201 Suppl.
1915 1152 1949 1190 1.
1970 1164 2016 1200 p.
2035 1150 2121 1187 285.
2146 1149 2233 1186 Ζῶ.

187 1197 339 1235 Rasohe
366 1198 499 1235 Lexic.
526 1199 588 1236 rei
612 1212 719 1240 num.
744 1201 805 1246 V.‚
839 1200 874 1236 1.
900 1212 938 1249 Ρ.
962 1199 1051 1238 518.
1101 1195 1404 1245 instituebantur
1440 1194 1794 1251 λαμπαδοδρόμια
1827 1200 2005 1250 inprimis
2041 1199 2081 1235 in
2113 1197 2233 1235 hono-

186 1258 271 1282 rem
305 1246 555 1293 Promethei,
590 1249 828 1297 Hephaesti‚
872 1249 1020 1298 Panos,
1055 1246 1254 1282 Minervae
1288 1246 1518 1292 (Hellotiae,
1544 1249 1656 1285 lunae
1690 1251 1799 1285 Deae
1824 1248 1999 1285 Boeclzh.
2022 1247 2161 1296 explic.
2186 1245 2234 1282 ad

186 1294 301 1334 Pind.
325 1307 414 1345 pag.
441 1295 548 1344 216.)
574 1303 615 1333 et
648 1295 860 1334 Artemidis
884 1294 935 1334 cf.
960 1294 1117 1332 Bekker
1142 1292 1275 1331 anecd.
1300 1294 1330 1330 Ι.
1355 1306 1396 1344 p.
1422 1295 1512 1334 288.
1539 1295 1640 1345 277„
1665 1309 1805 1335 eorum
1830 1297 1985 1334 omnino
2018 1296 2231 1342 numinum,

187 1343 327 1394 quibus
366 1356 455 1382 cum
494 1344 586 1394 igne
617 1358 682 1383 res
719 1353 790 1383 est.
823 1345 997 1383 Boeclzh.
1023 1356 1161 1381 oecon.
1188 1343 1327 1380 Athen.
1352 1351 1449 1384 tom.
1478 1345 1505 1380 1.
1530 1357 1620 1395 pag.
1643 1348 1721 1384 496
1745 1360 1803 1402 sq.
1855 1347 2029 1382 Creuzer
2066 1343 2233 1393 Symbol-

185 1404 288 1431 varr.
316 1393 417 1429 locc.
469 1394 546 1430 Cui·
566 1395 654 1431 Deo
682 1394 883 1431 Tarentini
908 1394 1015 1431 cives
1040 1389 1391 1443 λαμπαδηφοριάς
1417 1392 1725 1443 celebraverint,
1750 1394 1826 1432 nisi
1850 1395 2026 1432 Minerva
2051 1400 2133 1440 est,
2156 1404 2233 1430 non

184 1440 310 1479 habeo
347 1442 503 1490 dicere,
553 1451 664 1480 erant
689 1444 849 1481 eaedem
874 1443 922 1480 ad
945 1443 1220 1492 Neapolitanos
1247 1442 1429 1489 Athenis,
1481 1449 1527 1479 ut
1552 1444 1783 1493 conjicitur,
1835 1445 1971 1480 allatae
1998 1445 2156 1492 Ignarra
2181 1441 2230 1478 de

214 1490 479 1540 bran-.p.138,
504 1504 577 1529 nec
601 1493 743 1529 mirum
767 1500 827 1529 est
852 1494 891 1528 in
915 1491 976 1528 his
1002 1491 1103 1527 ludis
1130 1491 1373 1541 depugnasse
1400 1502 1422 1527 e
1477 1491 1564 1538 ites,
1590 1504 1679 1530 cum
1691 1493 1808 1531 simili
1822 1493 1973 1531 ratione
1990 1490 2231 1543 temporibus

185 1504 359 1578 ἓοοτειῐίε
385 1540 489 1589 apud
513 1542 771 1579 Athenienses
796 1555 861 1579 res
886 1542 1065 1579 instituta
1099 1539 1237 1579 fuerit.
1289 1542 1402 1577 Plato
1467 1554 1489 1577 e
1523 1542 1681 1592 republ.
1706 1546 1735 1580 1.
1761 1544 1845 1579 init.
1895 1543 1959 1578 De
1997 1542 2233 1591 singulorum

188 1588 353 1625 deorum
378 1589 611 1626 solemnibus
638 1602 686 1627 eo
712 1591 803 1627 loco
830 1589 952 1627 verba
976 1589 1137 1635 facturi,
1161 1589 1231 1624 ubi
1257 1589 1306 1625 de
1333 1589 1407 1624 diis
1432 1589 1525 1637 ipsis
1551 1602 1682 1626 sermo
1707 1590 1909 1627 habendus
1934 1591 2027 1635 erit,
2051 1590 2093 1624 id
2117 1587 2233 1624 modo

187 1636 423 1684 adnotamus,
448 1637 680 1676 Tarentinos
704 1644 866 1695 praeter
898 1636 996 1675 haec
1020 1637 1145 1688 patria
1169 1650 1238 1674 sua
1262 1636 1452 1674 solemnia
1478 1637 1747 1677 communibus
1774 1639 1892 1677 etiam
1917 1636 2142 1676 interfuisse
2167 1648 2234 1674 ve-

188 1687 286 1723 teris
321 1686 510 1722 Graeciae
546 1687 667 1732 ludis,
715 1700 755 1722 m
789 1687 930 1743 quibus
966 1697 1016 1722 ex
1051 1686 1202 1724 civibus
1229 1685 1451 1721 Tarentinis
1488 1687 1714 1735 complures
1738 1688 1945 1726 victoriam
1969 1690 2234 1736 reportarunt.

189 1733 429 1773 Confirmant
468 1733 517 1772 de
551 1735 699 1785 Pythiis
732 1734 833 1772 lud1s
871 1732 1098 1785 sepulcrum'
1125 1732 1346 1784 Pythionici
1370 1732 1503 1783 Polyb.
1532 1735 1645 1783 V111.‚
1669 1737 1734 1782 30,
1759 1738 1785 1774 9
1810 1743 1851 1774 et
1874 1748 2011 1787 magna
2037 1733 2235 1772 Tarentini

99 1811 106 1825 χ
132 1816 136 1820 .
188 1784 328 1834 populi
353 1795 446 1832 erga
472 1785 674 1821 oraculum
696 1784 934 1834 Delphicum
957 1784 1118 1832 religio,
1157 1784 1207 1820 de
1235 1783 1427 1833 Olympiis
1454 1783 1488 1831 ⁸)
1514 1785 1668 1823 nomina
1691 1786 1901 1832 victorum,
1951 1784 2122 1821 Diodor.
2148 1783 2236 1822 XV.

187 1834 265 1882 23„
289 1832 391 1873 XVI.
419 1832 481 1870 87.
509 1833 592 1873 Pau
613 1846 675 1870 an.
689 1834 779 1881 ‚V1.‚
806 1833 867 1879 14,
891 1833 928 1870 5.
952 1831 1042 1870 vide
1067 1831 1183 1872 infra.

338 1878 586 1933 Priusquam?
594 1844 645 1922 {e
670 1882 830 1933 sing-ulis
854 1882 950 1919 Deis
974 1881 1097 1919 verba
1120 1880 1285 1929 faciam,
1318 1895 1443 1931 pauca
1468 1883 1518 1921 de
1542 1891 1826 1935 temporum
1850 1885 2054 1922 ratione
2080 1895 2234 1921 eorum

190 1944 266 1985 que
292 1931 640 1981 computandorum
657 1932 844 1978 ‘doctrina
869 1930 1022 1977 addam,
1049 1942 1163 1979 quam
1194 1943 1283 1967 cum
1308 1932 1484 1969 Deorum
1509 1933 1748 1971 solemnibus
1782 1941 1824 1971 et
1849 1946 2051 1971 sacrorum
2076 1931 2235 1970 admini-

188 1982 373 2021 stratione
398 1980 578 2029 junxerat
601 1980 806 2039 antiquitas
832 1987 872 2017 et
896 1979 936 2016 in
962 1978 1210 2016 sacerdotum
1235 1981 1269 2026 ⁹)
1293 1980 1470 2018 manibus
1505 1990 1706 2030 posuerat.
1756 1984 1920 2020 Exstant
1954 1983 2032 2019 duo
2068 1989 2234 2018 tantum-

187 2030 307 2069 modo
333 2028 496 2078 vestigia
521 2028 562 2065 in
585 2041 777 2067 mensium
800 2027 1030 2075 nominibus,
1049 2033 1161 2078 'quae
1179 2028 1453 2065 Heracleensis
1477 2030 1610 2068 tabula
1633 2031 1828 2079 servavit,
1868 2038 2106 2068 memoratos
2132 2029 2233 2066 enim

188 2080 268 2120 illic
292 2079 456 2136 legimus
482 2078 518 2115 A
526 2091 553 2128 Ρ
566 2079 781 2117 ellaeum
806 2086 847 2117 et
869 2079 1143 2118 Panemum.
1177 2078 1236 2115 Ac
1261 2077 1375 2127 prior
1399 2077 1466 2115 ille
1490 2080 1646 2126 mensis,
1673 2081 1741 2130 qui
1765 2079 1976 2131 fragmenti
2000 2078 2234 2117 Brittannici

190 2135 366 2168 occurrit
390 2126 501 2163 initio
527 2139 567 2176 p.
593 2129 680 2165 147.
703 2129 789 2167 2⁰5.
815 2128 918 2168 inter
942 2126 1196 2165 Macedonum
1219 2138 1372 2175 menses
1396 2126 1527 2163 locum
1550 2128 1685 2174 habet,
1708 2129 1940 2177 Apellaeum
1966 2130 2069 2165 enim
2095 2127 2234 2164 Suidas

187 2191 219 2220 s.
245 2191 281 2217 v.
307 2171 552 2220 Ἀπελλαῖος
577 2176 682 2228 apud
700 2175 937 2217 Macedones
963 2174 1214 2214 decembrem
1239 2187 1337 2222 esse,
1363 2182 1404 2214 et
1428 2188 1571 2215 nonum
1584 2177 1674 2216 anni
1697 2189 1871 2216 mensem
1896 2177 2093 2229 Jesephus
2120 2175 2196 2214 anti

187 2231 272 2274 XL,
296 2229 337 2266 5.
365 2226 513 2266 scribit.
563 2227 755 2277 Equidem
781 2226 910 2265 nunus
937 2226 1092 2274 dubito,
1116 2227 1209 2276 quin
1234 2226 1412 2274 Apellaei
1437 2234 1550 2264 vetus
1573 2228 1768 2264 Doriense
1790 2240 1933 2265 nomeu
1959 2227 2101 2273 fuerit,
2182 2237 2205 2262 o

188 2292 209 2316 a
235 2276 444 2326 Spartanis,
469 2286 639 2324 quorum
662 2276 834 2326 quinque
859 2281 1010 2312 tantum
1033 2286 1186 2311 menses
1211 2274 1401 2321 novimu8‚
1426 2287 1501 2325 per
1514 2275 1743 2313 Tarentinos
1768 2276 1996 2327 acceperint
2011 2277 2141 2312 Herae
2157 2274 2234 2310 ien-

189 2340 270 2375 ses,
306 2338 394 2364 cum
419 2324 525 2365 idem
555 2323 604 2362 ad
628 2325 867 2363 Macedones
892 2337 1054 2376 quoque
1079 2323 1249 2362 abiisset.
1300 2325 1431 2374 Atque
1455 2324 1534 2363 huc
1560 2324 1641 2363 {ert
1665 2326 1787 2375 ipsius
1812 2326 1977 2364 nominis
2004 2323 2234 2374 etymologia

187 2378 236 2415 ab
278 2369 525 2421 α’πελλᾶζειν
553 2375 602 2423 ¹⁰)
643 2374 766 2414 verbo
802 2375 1002 2411 Laconico
1043 2386 1119 2424 pro
1158 2367 1434 2423 ἐκκλησιάζειν
1471 2374 1577 2412 Plut.
1601 2376 1770 2433 Lycurg.
1793 2377 1852 2424 6.,
1905 2374 2018 2425 eujus
2059 2373 2233 2410 radicem

189 2423 365 2467 ἀπελλαί
377 2423 609 2474 'Hesychius
632 2424 813 2473 explicat·
826 2422 958 2474 σηκοὶ,
983 2423 1204 2473 ἐκκλησίαι,
1229 2417 1506 2475 α’ρχαιρεσιάι,
1532 2436 1676 2461 nomen
1699 2424 1823 2473 igitur
1847 2424 1937 2461 iude
1962 2423 2106 2461 mensis
2132 2420 2234 2459 obti-

189 2478 297 2523 nuit,
385 2473 437 2512 od
467 2484 564 2524 prae
598 2472 682 2508 aliis
709 2473 963 2510 concionibus
988 2473 1038 2510 ad
1061 2473 1305 2522 magistratus
1336 2472 1524 2509 creandos
1551 2473 1775 2510 convocatis
1800 2472 2012 2510 destinatus
2039 2477 2154 2508 esset.
2181 2467 2233 2507 cf.

186 2528 348 2564 Mazocc
377 2524 391 2561 i
416 2521 465 2560 ad
489 2520 568 2560 tab.
592 2521 751 2559 Heracl.
772 2535 812 2572 Ρ.
840 2523 928 2564 147.
978 2521 1070 2578 Quo
1095 2532 1231 2559 mense
1257 2533 1387 2572 quove
1413 2520 1502 2559 anni
1539 2527 1721 2571 tempore
1747 2529 1789 2560 et
1812 2520 2015 2560 Tarentini
2040 2528 2081 2558 et
2104 2520 2233 2556 Hera·-

188 2620 277 2653 dinis
297 2618 408 2653 (tonici
427 2617 611 2651 insistente.
628 2614 759 2649 Echhel
779 2616 1012 2663 flfflffld·
1031 2628 1070 2662 Ρ.
1086 2617 1147 2655 36.
1204 2616 1239 2659 ¹¹>
1253 2615 1326 2650 Aut
1360 2626 1401 2650 ex
1425 2616 1564 2650 Etruria
1583 2615 1655 2650 Liv.
1682 2615 1708 2656 I,
1729 2615 1780 2650 55.
1820 2615 1931 2660 Apud
1954 2616 2126 2665 Etruscos·
2142 2611 2235 2662 epim

256 2672 357 2697 orum
377 2659 562 2697 certamina
581 2658 617 2690 in
637 2668 701 2690 usu
766 2658 785 2686 '-
801 2675 811 2695 2
836 2665 875 2692 ’·.;
889 2667 898 2672 ”
1004 2671 1034 2694 r.
1054 2669 1160 2703 opera
1187 2660 1316 2692 caelata
1342 2659 1554 2692 Velitrarum
1586 2658 1682 2691 urbis
1704 2657 1742 2689 in
1769 2658 1884 2697 Latio,
1927 2654 2085 2691 ι’ππικοῦε
2105 2663 2237 2698 aymus

252 2702 261 2710 ·
288 2702 394 2783 aaa&⁴
412 2702 506 2754 easta
523 2700 543 2734 a
564 2699 686 2778 Μῗίι-αἷ
774 2684 1069 2746 „wgievi
1091 2701 1217 2735 Volsci.
1237 2702 1336 2736 nom.
1360 2703 1452 2777 ¹3²⁸5'
1472 2702 1534 2736 f01.
1553 2699 1627 2734 tab.
1643 2699 1813 2735 ιιι-νη.
1871 2701 1900 2742 ⁸)
1920 2698 2234 2745 Metaponanonm

188 2745 339 2780 exstabat
483 2756 535 2779 iae
556 2755 595 2778 ae
631 2754 672 2776 cn
688 2753 714 2776 a.
842 2759 866 2770 a

188 2745 548 2829 mercaturaelsldlssbus
576 2787 716 2819 adaucta
742 2789 797 2817 11¹⁴
816 2782 839 2813 ⁴5.
897 2785 920 2796 ”
973 2790 975 2792 ’
996 2819 999 2822 ⁴
1027 2796 1065 2819 se
1092 2786 1211 2829 potuit
1239 2786 1460 2819 sacerdotum
1480 2785 1673 2817 auctoritas.
1714 2785 1805 2831 Quin
1826 2785 1947 2817 divitiis
1970 2783 2084 2816 ornati
2105 2782 2233 2814 fuerint

188 2840 265 2864 nou
280 2840 300 2863 r
336 2837 481 2873 >ugnem,
502 2839 579 2862 eum
600 2827 734 2872 templis
754 2823 834 2872 agri
844 2825 979 2865 mcxi:
989 2834 1111 2866 essent,
1130 2826 1180 2859 uti
1201 2828 1373 2877 cognitum
1396 2832 1450 2859 est
1470 2827 1521 2860 de·
1533 2826 1677 2859 Junonis
1698 2826 1853 2859 Laciniae
1874 2827 2002 2870 templo
2022 2825 2096 2859 Liv.
2110 2821 2236 2857 mv.

188 2875 222 2912 3,
257 2883 324 2916 pro
351 2875 475 2915 amque
518 2870 763 2902 Heracleenses
803 2869 952 2903 tabulae.
1026 2870 1067 2909 ¹⁰)
1097 2869 1167 2901 Sed
1208 2870 1308 2902 aliter
1352 2869 1521 2901 Miillerus
1566 2869 1710 2913 explicat
1750 2869 1907 2902 Doricus.
1934 2875 2016 2900 tom.
2044 2868 2072 2899 1.
2099 2878 2133 2909 Ρ.
2154 2864 2230 2898 301·

987 2744 1085 2787 '⁷2277.
1105 2744 1296 2789 Sebweigh.
1318 2744 1361 2778 cf.
1410 2755 1523 2777 ausan-
1548 2744 1581 2774 V
1583 2743 1620 2782 L,
1645 2754 1694 2787 ις,
1715 2744 1749 2777 8.
1788 2745 1816 2784 ⁹)
1837 2744 1878 2775 Iu
1899 2744 2033 2775 civitate
2051 2741 2234 2775 Tarentina
