2468 3070
1220 89 1246 125 8

186 198 382 247 adscripta
409 207 509 235 esse.
560 194 703 245 Apollo
729 194 991 244 Hyacinthus,
1029 195 1138 253 quasi
1173 195 1324 245 species
1360 195 1561 244 Apollinei
1595 199 1792 249 numinis,
1826 201 1982 239 omnino
2005 204 2178 252 pertinet
2206 204 2254 241 ad

184 247 394 297 lugubrem
420 252 670 282 mortuorum
694 244 947 294 religionem,
988 256 1099 294 cujus
1134 245 1249 295 plura
1284 243 1387 293 apud
1415 246 1654 284 Tarentinos
1688 250 1866 307 exempla
1892 258 2004 297 sunt,
2030 254 2134 290 unde
2159 265 2253 302 pro-

185 297 316 333 fectos
344 296 460 332 etiam
488 294 607 330 credo
635 301 841 342 equestres
880 293 993 329 ludos
1020 294 1129 330 velut.
1166 295 1408 344 ἐπιταφίους
1445 293 1475 331 οἶ
1501 295 1632 339 (stivae,
1670 305 1781 335 certe
1808 312 1848 335 ιη
1873 312 2076 336 numerum
2112 301 2253 338 horum

185 343 389 382 referendi
414 351 502 380 sunt
529 349 691 391 praeter
717 342 800 391 ipsa
826 342 1057 390 Hyacinthia
1083 343 1167 379 ludi
1192 343 1430 400 antiquiores
1445 356 1470 391 p
1490 344 1623 390 urimi,
1651 347 1720 393 qui
1743 347 1978 384 solemnibus
1992 349 2252 397 parentalibus

186 394 380 443 originem
420 391 627 428 debebant.
654 392 782 438 Heyn.
809 391 834 428 Ι.
864 402 897 426 c.
923 404 964 439 p.
989 392 1051 427 97.
1079 412 1125 419 -
1154 391 1367 448 Quaeritur
1403 391 1569 441 denique
1579 422 1591 444 ,
1644 405 1691 429 an
1717 395 1941 445 Apollinem
1966 398 2097 435 Solis
2124 399 2251 434 Deum

187 442 422 480 Tarentinus
449 440 622 490 populus
664 446 874 476 veneratus
901 440 973 485 sit,
1013 452 1093 489 quo
1128 439 1235 476 ferre
1260 440 1385 490 possit
1418 447 1535 490 caput
1569 440 1759 479 radiatum
1786 445 1965 483 Mionnet
1991 446 2129 496 Suppl.
2155 448 2186 485 I.
2212 459 2252 495 p.

185 493 272 530 278.
298 492 381 528 sive
409 490 501 527 solis
529 487 681 537 effigies
708 488 748 524 in
785 488 949 524 nummis
976 488 1132 526 Rasche
1169 490 1283 528 lexic.
1309 490 1337 529 l.
1365 502 1399 529 c.
1427 503 1465 539 p.
1490 490 1577 527 515.
1643 491 1840 540 Equidem
1866 506 1953 531 cum
1980 494 2028 531 de
2055 496 2150 544 ipsis
2176 496 2251 533 illis

185 541 351 578 nummis
379 539 475 577 mihi
502 551 581 574 non
607 537 698 574 satis
725 545 897 584 constet,
936 537 1118 575 intactam
1152 546 1269 589 atque
1304 539 1493 588 integram
1523 539 1625 576 malo
1649 552 1735 575 rem
1759 541 1985 592 relinquere
2021 557 2134 593 quam
2160 556 2252 581 con·

186 592 358 638 jecturas
384 598 627 638 proponere.

336 636 531 688 Apollinis
569 635 836 673 vaticinatoris
870 636 1039 684 cultum,
1079 649 1197 688 quem
1237 637 1452 675 obtinuisse
1490 638 1530 674 in
1563 637 1741 687 pluribus
1777 639 2002 679 civitatibus
2039 642 2250 679 Tarentino

184 690 280 725 mari
307 687 496 736 proximis
522 685 638 721 modo
666 685 975 721 demonstratum
1001 692 1082 729 est,
1111 688 1271 735 egregie
1299 686 1503 722 confirmat
1528 688 1667 736 populi
1692 688 1732 723 in
1758 690 2019 726 oraculum
2044 691 2252 740 Delphi-

185 750 293 775 cum
319 737 460 786 pietas.
497 734 562 771 Sic
589 733 692 770 enim
719 733 862 770 Strabo
890 734 958 775 lx,
984 747 1023 784 p.
1039 735 1115 772 420
1142 736 1253 775 Cas:
1279 731 1454 785 ’ὕστερον
1483 732 1526 774 δὲ
1551 735 1618 775 καὶ
1647 737 1687 775 οἱ
1709 730 1995 788 πόρ’ῥωθεν
2022 738 2247 782 domom-

183 802 232 826 το
261 786 459 834 (Delphos
486 783 683 831 intellige)
710 781 779 820 καὶ
805 783 986 833 ἐχρῶντο
1015 784 1074 834 τῷ
1097 783 1308 835 μαντείῳ,
1345 786 1412 823 καὶ
1452 785 1643 836 ε”πεμπον
1679 784 1787 835 δῶρα
1814 785 1881 823 καὶ
1906 784 2148 838 θησαυρούς
2174 802 2250 826 κα-

185 829 448 881 τεσκεύαζον,
475 826 671 882 καθάπερ
707 831 906 883 Κροῖσος,
947 831 1017 871 καὶ
1045 828 1069 872 o‘
1096 832 1233 885 πατήρ
1266 829 1520 887 Ἀλυάττης,
1558 835 1624 875 καὶ
1658 828 1979 875 Ἰταλιωτῶν
2016 837 2150 885 τινές,
2184 837 2250 876 καὶ

188 882 361 928 Σικελοί.
439 882 559 937 Quod
593 881 753 932 quidem
790 883 995 919 verissime
1031 882 1178 919 dictum
1214 892 1273 920 est
1310 884 1359 920 de
1395 886 1668 935 Metapontinis
1704 884 1896 934 Apollinis
1932 885 2123 935 religione
2158 899 2250 936 prae

186 936 332 975 ceteris
361 931 583 980 conspicuis
611 931 760 971 Herod.
788 931 853 976 lv,
879 932 940 968 15.
965 931 1164 969 Plutarch.
1194 932 1243 969 de
1269 932 1381 982 Pyth.
1409 946 1516 973 orac.
1548 936 1584 972 8.
1609 935 1740 971 Ritter
1763 933 1952 974 Vorhalle
1976 947 2065 985 pag.
2087 936 2162 974 277
2177 949 2250 987 sq.,

185 986 326 1037 quibus
378 981 546 1020 amicitia
596 979 871 1017 intercedebat
923 993 1012 1017 cum
1049 982 1316 1018 Crissensibus
1369 984 1518 1020 oraculi
1559 984 1746 1032 Delphici
1797 983 2024 1019 custodibus
2052 985 2097 1028 3).
2147 986 2249 1022 Plut.

183 1037 211 1076 l.
238 1047 273 1071 c.
298 1031 602 1069 Tarentinorum
651 1030 691 1065 in
732 1029 932 1065 oraculum
967 1029 1155 1078 pietatem
1199 1031 1389 1080 imprimis
1426 1032 1682 1082 comprobant
1724 1031 1846 1080 ipsius
1882 1031 2073 1081 Apollinis
2117 1033 2251 1081 Pythii

183 1082 400 1123 sententiae
442 1079 489 1115 ab
524 1078 571 1115 iis
598 1078 796 1128 expetitae
835 1078 1062 1115 condendae
1088 1079 1198 1116 urbis
1235 1087 1417 1129 tempore
1452 1080 1506 1121 cf.
1531 1082 1579 1117 de
1616 1081 1715 1130 orig.
1746 1082 1903 1117 Tarent.
1936 1095 1975 1130 p.
2005 1081 2068 1120 27.
2092 1082 2144 1118 47
2177 1095 2249 1132 sq.,

184 1128 345 1171 donaria
372 1128 514 1166 seriori
540 1140 636 1164 aevo
664 1127 844 1176 Delphos
870 1127 985 1164 missa
1011 1128 1176 1167 Pausan.
1205 1130 1265 1174 X,
1292 1130 1363 1176 10,
1389 1131 1426 1169 3.
1456 1131 1527 1176 13,
1552 1131 1596 1176 5,
1624 1129 1826 1178 delphinus
1842 1129 2010 1178 denique
2032 1129 2069 1165 in
2085 1132 2249 1167 nummis

183 1179 406 1219 Tarentinis
439 1188 569 1225 prope
606 1175 798 1224 Apollinis
834 1183 951 1224 caput
984 1177 1136 1224 positus
1172 1178 1348 1213 Mionnet
1383 1178 1522 1227 Suppl.
1554 1181 1582 1217 1.
1609 1192 1648 1227 p.
1675 1179 1762 1215 278.
1789 1178 1896 1224 279.,
1923 1177 1994 1213 sed
2021 1178 2128 1227 quod
2155 1178 2246 1215 olim

184 1231 266 1268 dixi
295 1228 361 1277 (de
388 1226 486 1274 orig,
514 1227 672 1263 Tarent.
699 1236 787 1272 pag.
813 1225 883 1267 48)
909 1224 1025 1260 etiam
1051 1224 1128 1261 hoc
1157 1227 1245 1263 loco
1272 1233 1428 1274 repeto,
1453 1239 1588 1276 parum
1614 1227 1860 1276 exploratum
1893 1225 1989 1262 mihi
2016 1225 2143 1264 videri
2169 1226 2249 1263 del-

182 1280 394 1331 phinorum
421 1286 510 1312 cum
536 1272 720 1323 Apolline
746 1279 787 1310 et
813 1272 971 1310 oraculo
998 1273 1194 1323 Delphico
1220 1287 1377 1315 nexum.

1078 1339 1126 1388 2)
1154 1339 1369 1389 Neptunus.

334 1401 560 1448 Neptunum
603 1399 813 1435 coluerunt·
849 1398 1065 1435 maritimae
1109 1399 1227 1435 urbes
1263 1400 1312 1436 ad
1345 1414 1463 1437 unam
1509 1412 1640 1437 omnes
1675 1400 1796 1437 veluti
1839 1400 1880 1436 in
1913 1399 2021 1436 Italia
2053 1397 2248 1438 Veliensis

182 1453 354 1489 Miinter.
389 1449 503 1487 Velia
528 1461 570 1497 p.
614 1448 682 1492 2-1»,
718 1448 758 1483 in
795 1446 930 1484 Africa
967 1448 1192 1495 Cyrenensis
1230 1449 1385 1495 civitas,
1423 1461 1502 1500 quo
1541 1462 1588 1486 ex
1629 1448 1758 1486 Thera
1783 1448 1925 1498 religio
1952 1447 2137 1485 translata
2164 1456 2248 1496 est,

181 1499 357 1539 Boeclzh.
385 1498 527 1546 explic.
556 1496 743 1533 ad'Pind.
772 1510 812 1545 p.
839 1497 927 1536 267.
955 1497 1050 1542 268,
1078 1509 1207 1546 neque
1235 1498 1318 1534 aliis
1343 1499 1492 1548 pietate
1521 1499 1637 1535 cessit
1653 1500 1875 1536 Tarentum.
1922 1497 2108 1535 Omnium
2122 1499 2250 1534 notis-

184 1551 279 1587 sima
304 1548 460 1584 Horatii
490 1545 568 1585 Od.
596 1547 626 1591 1,
649 1547 713 1589 28,
739 1546 790 1582 29
815 1544 937 1582 verba
962 1553 1067 1582 sunt:
1094 1547 1434 1597 Neptunoque
1462 1547 1590 1585 sacri
1617 1546 1828 1584 custode
1856 1546 2071 1585 Tarenti.
2109 1545 2249 1583 Custos

183 1600 309 1636 dictus
337 1599 564 1645 Neptunus,
590 1602 635 1631 ut
660 1602 774 1631 vetus
801 1593 1029 1630 scholiastes
1056 1594 1198 1641 habet,
1239 1596 1302 1633 vel
1340 1598 1431 1646 quia
1465 1598 1523 1633 Ne
1552 1604 1666 1632 tunus
1701 1595 1805 1645 apud
1831 1597 2044 1631 Tarentum
2071 1594 2248 1632 devotius

182 1647 408 1692 colebatur,
444 1645 510 1681 rel
552 1644 641 1694 quia
672 1642 711 1679 in
750 1643 874 1680 tutela
908 1644 1079 1692 Neptuni
1117 1643 1239 1681 fuisse
1276 1645 1445 1691 dicitur,
1481 1658 1530 1683 ve
1604 1646 1666 1680 uia
1691 1645 1862 1694 Neptuni
1887 1644 1988 1680 filius
2015 1643 2248 1680 Phalanthus

183 1697 289 1747 apud
325 1697 536 1731 Tarentum
571 1692 735 1729 Herculi
769 1700 809 1728 et
843 1694 1027 1741 Neptuno
1064 1693 1209 1742 templa
1248 1694 1471 1741 constituit,
1506 1701 1550 1729 ut
1577 1658 1741 1730 (iortiter
1765 1705 1840 1742 per
1865 1692 2040 1729 favorem
2063 1693 2248 1729 Herculis

183 1746 360 1788 faceret,
413 1755 486 1792 per
522 1743 749 1789 Neptunum
785 1739 958 1777 feliciter
993 1749 1144 1789 ageret.
1218 1743 1425 1778 Postrema
1463 1742 1694 1778 scholiastae
1739 1741 1861 1777 verba
1896 1741 1945 1776 de
1985 1740 2170 1775 Herculis
2206 1747 2247 1776 et

182 1793 357 1844 Neptuni
385 1791 542 1840 templis
569 1803 589 1826 a
615 1789 831 1826 Phalantho
861 1789 1084 1825 constitutis
1110 1789 1317 1827 manifesto
1342 1789 1564 1827 fabularum
1592 1789 1857 1827 confusionem
1883 1795 2049 1837 arguunt
2074 1788 2250 1837 Tarantis

183 1851 224 1881 et
249 1840 475 1885 Phalanthi,
513 1839 561 1874 de
589 1852 664 1888 qua
699 1838 792 1875 olim
827 1837 884 1874 dis
902 1839 1021 1875 ›utavi
1048 1838 1097 1874 de
1124 1840 1224 1889 orig.
1254 1842 1412 1880 Tarent.
1438 1852 1527 1889 pag.
1555 1841 1665 1889 ffsq„
1701 1838 1771 1874 sed
1797 1844 2074 1874 commonstrat
2100 1848 2123 1873 o
2155 1837 2249 1875 time

182 1895 241 1930 Ne
272 1891 424 1928 tunium
452 1888 555 1937 apud
582 1888 813 1924 Tarentinos
841 1852 988 1923 auitum
1015 1886 1217 1924 fabulosus
1235 1888 1302 1925 ille
1322 1891 1441 1925 Taras
1463 1888 1573 1925 urbis
1592 1886 1782 1933 conditor,
1799 1886 1971 1936 Neptuni
1990 1887 2091 1922 filius
2134 1893 2249 1923 lctus.

184 1942 240 1978 ibi
270 1969 281 1980 .
310 1953 349 1988 p.
378 1941 417 1976 2.
472 1937 587 1973 Urbis
616 1944 746 1972 custos
774 1936 877 1971 idem
904 1937 1014 1972 Deus
1041 1944 1203 1972 vocatus
1231 1944 1309 1989 est,
1345 1937 1451 1987 quod
1478 1936 1681 1973 colebatur
1705 1936 1781 1972 Dei
1806 1935 1925 1971 instar
1948 1930 2173 1987 πολιούχου
2206 1942 2248 1971 et

184 1988 377 2042 ἐγγωοίου
409 1992 445 2031 ⁴)
500 1985 695 2034 Spanhem
736 1985 776 2020 in
805 1984 951 2026 Gallim,
978 1984 1018 2020 in
1049 1986 1126 2022 Jov
1164 1986 1226 2026 81.
1254 1986 1294 2021 in
1329 1987 1439 2021 Dian.
1466 1986 1574 2030 258„
1652 1985 1797 2020 uamvis
1837 1984 1938 2020 enim
1973 1985 2146 2033 Neptuni
2187 1997 2247 2020 sa·-

183 2033 251 2077 cra
276 2025 474 2075 Daconum
520 2034 650 2070 coloni
686 2046 707 2069 a
734 2035 911 2069 Taenaro
951 2034 1225 2081 promontorio
1269 2045 1403 2070 secum
1436 2033 1601 2070 tulerint
1675 2033 1775 2068 iillcr
1809 2034 1905 2068 Dor.
1933 2034 1959 2070 l.
1986 2046 2024 2082 p.
2050 2034 2151 2080 403„
2187 2039 2245 2069 ta-

180 2101 271 2126 men
322 2087 363 2122 in
409 2084 516 2121 ltalia
561 2083 624 2119 hic
668 2083 776 2118 Deus
822 2094 910 2118 cum
956 2083 1107 2119 marino
1160 2083 1319 2119 numine
1367 2083 1443 2119 alio
1491 2082 1637 2119 coaluit
1682 2081 1750 2126 (de
1796 2082 1892 2131 orig.
1920 2083 2077 2121 Tarent.
2104 2094 2147 2132 p.
2172 2082 2246 2129 4.),

182 2138 279 2175 adeo
323 2142 369 2171 ut
403 2134 487 2183 ipse
527 2135 647 2168 Taras
688 2131 808 2168 heros
848 2131 911 2167 vel
946 2144 1021 2181 per
1058 2144 1167 2168 marc
1205 2132 1407 2169 advenisse
1445 2132 1503 2169 vel
1542 2130 1743 2180 indigenae
1787 2131 1977 2181 nymphae
2017 2130 2119 2179 filius
2157 2142 2242 2168 esse

182 2186 426 2225 crederetur.
486 2180 640 2217 Deinde
676 2180 775 2217 illud
808 2181 924 2217 etiam
959 2181 1110 2231 cogites
1143 2181 1280 2229 velim,
1333 2181 1507 2230 Neptuni
1547 2180 1726 2216 Taenarii
1764 2192 1870 2217 sacra
1904 2180 2104 2231 Spartanis
2150 2180 2244 2231 ipsis

181 2236 304 2274 fuisse
350 2232 498 2284 patria,
551 2230 656 2281 quod
699 2230 857 2280 colligas
901 2243 923 2267 e
957 2231 1142 2268 Pausania
1178 2232 1246 2278 111,
1284 2232 1352 2278 12,
1394 2232 1433 2270 5.
1471 2230 1601 2267 lucum
1645 2230 1817 2279 Neptuni
1853 2231 2032 2268 Taenarii
2080 2230 2245 2280 Spartae

182 2289 533 2326 commemorante,
567 2280 772 2316 translatus
809 2280 927 2327 igitur
959 2287 1043 2316 erat
1078 2281 1142 2316 hic
1176 2282 1285 2317 Deus
1319 2294 1339 2316 a
1362 2280 1634 2329 promontorio
1661 2280 1699 2314 in
1728 2279 1754 2314 S
1784 2287 2004 2316 artanorum
2031 2280 2243 2326 civitatem,

181 2345 311 2385 neque
338 2331 384 2368 ab
411 2331 478 2368 illo
506 2330 617 2375 loco,
655 2328 729 2365 etsi
762 2327 917 2365 solvere
944 2328 1032 2366 inde
1059 2329 1236 2366 solebant
1262 2328 1481 2379 navigaturi
1507 2330 1718 2365 Tarentum
1744 2292 1862 2365 Βὶοᾶ.
1890 2330 1983 2376 XX,
2010 2330 2105 2374 104,
2133 2340 2243 2365 acce-

179 2385 285 2434 pisse
312 2394 422 2418 saera
450 2380 611 2415 colonos
637 2389 798 2414 neeesse
826 2384 898 2425 est,
924 2386 1164 2428 aeceperunt
1188 2379 1323 2428 potius
1351 2391 1399 2414 ex
1427 2379 1508 2426 ipsa
1533 2378 1653 2424 m·be;
1687 2377 1755 2413 sed
1781 2384 1869 2414 utut
1893 2377 1991 2415 haec
2016 2390 2058 2414 se
2085 2377 2242 2424 habent,

179 2447 590 2459 β..-

178 2482 328 2522 XLVII„
354 2488 382 2516 1.
452 2482 479 2520 ³)
503 2479 587 2510 Inde
625 2479 736 2520 Κρῗσα
759 2480 868 2520 ζαθίη
898 2479 999 2513 Ιῐοπι.
1021 2479 1062 2514 ΙΙ.
1083 2479 1128 2513 II.
1149 2480 1222 2513 520.
1244 2479 1349 2511 Plura
1386 2478 1429 2510 de
1456 2478 1544 2511 urbe
1570 2478 1700 2511 Miiller
1722 2478 1880 2513 Orchom.
1900 2491 1934 2523 p.
1955 2481 2031 2522 495.
2071 2479 2122 2511 Ex
2143 2477 2240 2510 Italia

179 2527 370 2558 Crissenses
399 2527 577 2565 quamstum
602 2521 768 2559 habuisse,
800 2522 895 2553 testis
927 2526 975 2552 est
1002 2521 1125 2553 Strabo
1155 2528 1238 2554 tom.
1260 2522 1320 2552 111.
1342 2532 1378 2563 p.
1399 2523 1473 2562 499.
1494 2521 1608 2553 Tzsch.
1630 2521 1783 2552 Amicum
1815 2521 1908 2552 inter
1928 2520 2184 2564 Metapontinos
2207 2523 2241 2549 et

178 2568 369 2598 Crissenses
397 2562 654 2600 commertium,
679 2562 707 2593 si
736 2563 818 2605 quid
851 2562 969 2600 video,
1014 2562 1044 2593 ei
1067 2563 1200 2594 fabulae
1223 2562 1356 2606 copiam
1379 2561 1471 2601 fecit,
1492 2572 1593 2604 quam
1619 2562 1764 2594 servavit
1785 2562 1944 2605 Ephorus
1966 2562 2087 2607 fragm.
2110 2573 2145 2605 p.
2169 2561 2241 2596 152.

179 2609 299 2645 Marx„
321 2605 482 2636 Daulium
512 2604 642 2635 Crissae
671 2609 852 2651 tyrannum
893 2604 1082 2636 condidisse
1111 2604 1202 2636 Meta
1229 2610 1361 2636 ontum.
1404 2604 1444 2634 In
1473 2603 1597 2635 Daulio
1632 2604 1691 2635 illo
1727 2605 1876 2636 fabulam
1911 2610 1947 2636 et
1980 2615 2084 2636 eorru
2111 2603 2240 2633 tionem

205 2650 253 2680 uis
275 2658 346 2679 non
369 2652 537 2689 agnoscat,
559 2656 637 2676 cum
659 2645 741 2676 nihil
764 2646 913 2689 apertius
936 2645 990 2684 sit,
1012 2656 1114 2689 quam
1132 2647 1208 2678 Dau
1223 2646 1284 2678 idis
1307 2644 1398 2677 cives
1420 2644 1599 2687 significari
1621 2656 1730 2690 prope
1747 2645 1973 2679 Parnassum?
2006 2646 2086 2678 Stra
2115 2654 2135 2676 o
2158 2648 2240 2677 tom.

180 2691 242 2724 111.
265 2703 299 2734 p.
321 2686 396 2730 484.
418 2688 532 2720 Tzsch.
553 2688 697 2721 Pausan.
719 2688 769 2727 X„
793 2691 824 2729 l„
845 2686 867 2719 5
889 2698 940 2730 sq.
983 2687 1142 2720 Ceterum
1165 2688 1197 2721 id
1220 2687 1353 2727 nescio,
1391 2698 1435 2719 an
1460 2697 1498 2718 ex
1522 2687 1643 2720 eodem
1666 2689 1759 2721 fonte
1783 2700 1859 2721 cum
1882 2687 2008 2720 Daulio
2028 2685 2239 2718 redundasse

178 2733 408 2764 narrationem
436 2730 479 2761 de
504 2731 600 2772 Epeo
623 2730 834 2761 I'hocensi
856 2730 1045 2772 Metaponti
1073 2730 1271 2767 conditore,
1315 2730 1392 2769 jure
1427 2728 1662 2762 existimemus.
1684 2732 1727 2764 cf.
1749 2731 1858 2763 Justin
1881 2731 1971 2768 ΧΧη,
1986 2739 2017 2763 2,
2040 2732 2070 2762 1.
2093 2727 2238 2761 Aristot.

177 2775 302 2807 mirab.
326 2770 414 2810 116.‚
458 2782 528 2803 non
561 2776 672 2802 tamen
704 2781 742 2802 re
770 2781 894 2815 ugnem
926 2771 982 2811 iis,
1025 2771 1084 2814 qui
1116 2771 1269 2804 solidiori
1300 2770 1523 2803 fundamento
1546 2771 1608 2802 ista
1632 2772 1674 2804 (le
1694 2774 1790 2817 Epeo
1815 2772 1952 2815 vulgata
1974 2769 2036 2801 niti
2066 2775 2240 2802 censeant.

177 2817 307 2849 Miiller
328 2815 412 2846 Dor.
434 2815 459 2846 1.
483 2826 517 2856 p.
544 2812 621 2853 264.
661 2816 690 2846 ἢ
713 2782 823 2844 Aiiter
847 2813 988 2844 dictum:
1009 2814 1150 2845 sancti
1173 2820 1316 2846 custos
1339 2813 1536 2845 Soractis
1558 2813 1719 2857 Apollo
1745 2815 1843 2857 Virg.
1864 2814 1952 2845 Aen.
1973 2811 2040 2851 XI..
2062 2813 2158 2845 785.v
2182 2810 2237 2858 Qb

176 2857 327 2901 Neptuni
354 2867 448 2887 sacra
471 2856 656 2886 aliorumve
680 2856 830 2885 Deorum
855 2866 1017 2886 sacrum
1042 2855 1123 2886 dicit
1145 2856 1307 2887 Horatius
1329 2856 1526 2893 Tarentum,
1562 2854 1596 2886 in
1644 2867 1687 2888 uo
1712 2857 1864 2888 Graecos
1887 2853 2033 2886 imitatus
2072 2859 2134 2886 est.
2179 2851 2236 2883 Sic

175 2900 293 2932 tritum
316 2897 417 2930 illud:
459 2900 578 2939 Τροίης
600 2895 692 2939 laedat
712 2895 934 2938 πτολίεθρον,
957 2897 1069 2929 Thera
1091 2894 1164 2939 ἱεροὶ
1186 2895 1287 2931 νᾶσος
1310 2896 1448 2930 Pindar.
1470 2896 1565 2939 Pyth.
1587 2898 1602 2930 1
1637 2921 1668 2938 .,
1690 2900 1710 2932 6
1737 2898 1818 2941 ibiq.
1839 2896 1988 2930 Boeckh.
2011 2901 2045 2928 et
2066 2893 2234 2938 Agrigen-
