2468 3070
381 0 482 10 r—--n-„ss-
502 0 505 3 -
547 14 553 19 .
610 0 616 5 .
626 0 637 2 ⁷-
644 0 647 1 ν
653 0 973 13 --Ἶψ-Ἦ-ηνγγ--Ὕνπτ-τ-ι·
1031 0 1090 6 ῐπ-νν

1451 0 1487 15 Χ,

1195 0 1264 59 ῑὶ

209 137 390 182 superest
423 129 579 166 Gemini
615 131 706 165 satis
740 135 948 166 venustum
982 127 1221 177 epigramma
1251 127 1462 178 Antholog.
1487 136 1583 166 tom.
1611 130 1656 169 11.
1682 142 1720 185 p.
1744 128 1833 166 255.
1860 126 2059 173 (analect.
2084 126 2129 164 n.
2154 126 2274 176 m).

211 192 382 231 quocum
416 178 595 216 conteras
634 176 739 214 aliud
769 176 949 227 Philippi
982 176 1047 226 epi
1098 188 1221 214 amma
1245 177 1315 214 Lu
1352 184 1393 214 et
1427 178 1602 215 Jacobsii
1636 177 1850 215 ammadVV·
1881 177 1957 213 vol.
1983 177 2029 212 11.
2056 188 2096 225 p.
2122 176 2160 212 2.
2186 188 2274 225 pag.

210 233 286 270 811
312 241 370 278 sq.
419 227 664 277 Perspicitur
689 226 781 263 inde
806 239 828 263 a
852 226 1027 276 Lysippo
1069 226 1188 264 'ctum
1213 238 1298 264 esse
1325 228 1563 275 Herculem,
1598 228 1666 278 qui
1689 227 1802 264 Jolae
1829 238 1962 262 amore
1989 225 2129 271 victus,
2154 237 2274 275 quum

211 281 328 332 hujus
353 277 515 316 fratrem
536 274 706 326 Iphitum
730 274 869 325 Euryti
892 274 1014 312 filium
1041 288 1062 312 a
1085 287 1186 331 rupe
1213 275 1433 326 dejecisset,
1459 278 1536 326 jam
1562 276 1725 313 servitio
1752 288 1825 312 suo
1853 286 2000 329 poenas
2026 273 2188 311 daturus
2214 279 2276 310 est

214 329 444 380 Omphalae.
501 324 682 375 Apollod.
709 326 770 372 11.,
805 326 896 371 6,.1
924 338 981 377 sq.
1040 326 1180 374 Heyne
1217 324 1370 363 observ.
1395 339 1434 376 p.
1461 327 1546 365 178.
1605 325 1749 364 muller
1783 326 1881 363 Dor.
1912 325 1940 361 1.
1978 336 2018 373 p.
2041 323 2119 361 415
2138 336 2196 375 sq.
2221 321 2275 361 ci.

210 392 300 430 pag.
323 378 413 415 450.
461 375 612 415 Verum
637 374 715 411 tale
742 382 809 411 aut
835 373 959 411 simile
985 387 1061 412 non
1085 375 1218 424 potuit
1242 387 1328 412 esse
1354 374 1489 412 herois
1515 375 1764 413 simulacrum
1785 374 2051 419 Tarentinum,
2075 372 2272 418 Herculis,

212 430 281 481 qni
305 433 417 463 tutor
442 431 528 463 erat
562 423 730 462 civitatis
754 425 893 474 Pomp.
919 423 1048 464 Sabin.
1076 423 1125 460 ad
1154 425 1263 482 Vix-g.
1287 426 1383 463 Aen.
1410 426 1487 472 111„
1512 426 1609 472 551,
1651 424 1719 476 qui
1755 423 1887 474 patrio
1919 434 2034 459 more
2069 422 2272 472 pugnantis

212 477 350 516 habitu
385 473 686 513 conformandus
727 480 833 520 erat,
884 485 1013 532 neque
1038 472 1116 511 huc
1140 480 1318 525 pertinet
1341 481 1468 512 statua
1494 474 1677 512 Herculis
1710 474 1750 511 in
1777 473 1876 511 colle
1898 472 2074 509 Palatino
2101 478 2275 520 reperta,

214 528 279 565 cui
303 525 440 563 fraude
466 524 698 572 inscriptum
721 530 782 560 est
808 522 971 573 Lysippi
994 536 1135 561 nomen
1159 525 1284 573 Heyn.
1309 536 1445 574 opusc.
1472 527 1514 562 11.
1540 539 1579 574 p.
1604 525 1694 563 230.
1740 524 1879 560 Plures
1905 536 1927 560 a
1942 521 2113 572 Lysippo
2141 518 2274 558 elabo-

212 584 321 614 ratae
359 581 448 611 sunt
472 572 657 610 Herculis
689 578 838 610 statuae
868 585 906 611 v.
935 573 1059 621 Heyn.
1085 572 1125 609 in
1150 581 1355 611 comment.
1381 587 1461 611 soc.
1488 574 1661 624 Gotting.
1686 581 1779 611 tom.
1805 574 1853 611 X.
1878 585 1920 621 p.
1944 572 2007 609 87.
2032 571 2117 609 Silli
2169 577 2274 607 cata-

212 626 294 675 log.
315 622 453 660 artific.
474 622 617 708 1ῐὶ).259
648 634 665 657 s
695 648 705 657 .
756 621 896 657 Fuisse
928 622 1106 659 Tarenti>
1123 623 1315 672 templum
1339 624 1525 660 Herculis
1558 623 1662 660 haud
1694 622 1842 673 absque
1868 621 1975 659 omni
1997 619 2120 670 proba
2150 619 2273 657 ilitate

212 679 407 711 memorat
431 684 472 709 sc
503 670 637 709 oliasta
702 677 800 710 orat.
827 669 903 708 Od.
928 671 968 717 1.‚
994 671 1057 718 28,
1083 671 1144 719 29,
1171 670 1241 709 sed
1275 672 1409 710 nescio
1443 685 1518 722 qua
1551 671 1676 709 fietus
1703 671 1959 716 auctoritate,
2005 676 2114 705 certe
2139 669 2179 704 in
2205 680 2272 717 pa-

211 723 365 768 laestris
400 722 529 757 cultus
565 728 626 756 est
651 720 845 756 Hercules
880 720 1000 769 ipsius
1026 721 1198 757 luctandi
1223 722 1315 758 artis
1342 722 1502 758 antistes
1529 721 1721 770 (Creuzer
1746 719 1919 770 Symbol.
1948 720 2011 756 111.
2036 732 2074 768 p.
2100 718 2176 756 542
2197 718 2271 768 sq.)

214 778 256 809 et
282 772 453 809 Crotone
482 776 523 806 et
548 768 724 814 Tarenti,
753 781 914 819 quarum
938 768 1096 805 urbium
1122 770 1227 806 cives
1260 768 1455 806 florebant
1481 778 1565 806 arte
1591 771 1836 819 gymnastica.
1886 771 1973 805 Non
2004 769 2125 818 igitur
2160 766 2273 802 dubi·

216 828 322 858 tatur
348 820 397 857 de
422 818 606 855 Herculis
634 818 752 854 sacris
778 818 1025 864 Tarentinis,
1065 818 1141 868 jam
1167 831 1244 869 qua
1276 819 1430 856 ratione
1464 819 1512 855 in
1537 820 1730 856 Italiam
1765 818 1922 855 allata
1955 817 2032 854 sint
2057 815 2272 867 quaeritur.

214 869 397 908 Attulere
427 867 567 918 procul
593 866 711 903 dubio
737 879 760 903 e
787 867 951 903 Graecia
978 867 1127 914 coloni,
1168 867 1237 918 qui
1262 867 1295 904 si
1321 869 1431 918 cujus
1458 867 1592 905 herois
1620 880 1727 905 sacra
1752 880 1886 905 secum
1920 866 2124 913 ferebant,
2168 865 2271 901 bunc

212 920 293 970 jam
316 927 405 956 ante
432 919 608 968 ipsorum
634 916 840 963 adventum
867 915 968 953 circa
994 929 1136 955 novam
1161 916 1296 962 sedem
1320 925 1517 956 versatum
1543 930 1629 956 esse
1656 916 1818 954 fabulati
1832 923 1933 954 sunt.
1964 915 2106 954 Miiller
2118 914 2271 964 proleg.

211 981 298 1021 pag.
324 970 398 1006 140
415 981 472 1019 sq.
522 969 652 1017 Atque
677 966 730 1002 ita
755 966 913 1016 quidem
940 965 1083 1002 factum
1111 974 1171 1004 est
1194 980 1215 1003 a
1243 968 1562 1005 Crotoniensibus
1588 969 1737 1004 Miiller
1763 969 1861 1004 Dor.
1886 968 1913 1003 1.
1937 979 1977 1015 p.
2000 966 2077 1003 483
2099 978 2168 1014 sq.,
2202 964 2270 1014 qui

215 1032 238 1056 e
265 1018 431 1055 Laconia
456 1023 670 1061 venerant,
709 1016 924 1053 Herculem
950 1015 977 1051 ii
1002 1015 1167 1054 heroem
1201 1016 1370 1066 patrium
1410 1016 1679 1055 immiscebant
1703 1016 1846 1054 fabulis
1872 1014 1921 1052 ad
1946 1014 2084 1065 templi
2109 1014 2269 1050 Junonis

212 1067 394 1105 Laciniae
422 1065 706 1102 dedicationem
733 1072 774 1100 et
800 1064 980 1101 Crotonis
1006 1077 1071 1101 res
1096 1066 1384 1115 pertinentibus
1410 1067 1520 1104 Serv.
1546 1074 1587 1103 et
1611 1069 1805 1116 Pompon.
1825 1065 1956 1102 Sabin.
1978 1064 2027 1101 ad
2052 1064 2270 1113 Virg.Aen.

212 1120 289 1161 111„
316 1117 403 1154 552.
438 1114 606 1152 Diodor.
633 1114 710 1159 1V.‚
735 1113 797 1150 24.
830 1113 972 1150 Athen.
997 1115 1044 1151 X.
1067 1127 1107 1164 p.
1135 1115 1221 1152 441.
1270 1115 1409 1153 Jambl.
1433 1115 1552 1165 Pytha
1583 1143 1592 1152 .
1615 1116 1679 1153 50.
1732 1117 1905 1152 Crotone
1939 1112 2036 1150 abiit
2070 1112 2195 1149 cultus
2232 1112 2270 1147 in

214 1165 408 1203 coloniam
433 1163 687 1206 Pandosiam,
727 1161 795 1197 ubi
820 1163 1002 1199 Herculis
1034 1164 1195 1212 vestigia
1220 1165 1446 1213 apparuisse
1472 1128 1607 1201 retuffit
1634 1164 1871 1201 Aristoteles
1896 1162 2032 1199 mirab.
2058 1162 2146 1199 101.
2171 1161 2269 1198 For-

212 1215 310 1252 sitan
336 1215 420 1264 ipse
446 1212 578 1261 Hylias
604 1209 746 1248 fluvius
781 1224 923 1248 nomen
959 1211 1096 1249 debuit
1122 1212 1244 1261 Hylae
1270 1213 1452 1250 Herculis
1479 1214 1603 1250 amori
1629 1214 1778 1250 Miiller
1806 1211 1998 1250 Orchom.
2023 1224 2064 1269 p.
2088 1211 2194 1256 293„
2219 1209 2268 1245 de

213 1263 289 1316 qua
314 1275 359 1300 re
384 1263 557 1311 vulgatas
584 1260 705 1296 fuisse
731 1259 890 1307 fabulas,
914 1261 973 1296 uti
999 1261 1048 1297 de
1075 1261 1252 1298 Neaetho
1278 1261 1449 1309 flumine,
1475 1276 1553 1300 non
1578 1262 1766 1300 absonum
1792 1269 1863 1298 est.
1892 1261 1999 1317 Quin
2024 1259 2100 1309 ipsi
2110 1259 2267 1304 Bruttii,

212 1313 380 1365 populus
407 1311 548 1362 partim
572 1309 780 1357 barbarae,
818 1310 958 1361 partim
985 1310 1157 1348 Graecae
1195 1311 1358 1362 originis
1387 1311 1601 1348 secundum
1634 1312 1845 1348 nonnullos
1881 1321 2024 1347 nomen
2050 1307 2268 1345 habuerunt

212 1364 260 1401 ab
287 1362 471 1399 Herculis
497 1361 577 1397 filio
603 1362 752 1396 Brento
787 1360 852 1396 vel
879 1361 1018 1397 Bretto
1045 1361 1225 1397 Eustath.
1249 1361 1297 1398 ad
1322 1361 1438 1401 Dion.
1464 1362 1620 1412 Perieg.
1645 1363 1732 1399 362.
1758 1361 1828 1398 Ste
1856 1359 1944 1397 han.
1970 1361 2064 1408 Byz.
2088 1357 2266 1409 Βρέττος

156 1431 161 1435 ·
215 1412 266 1451 cf.
293 1411 461 1460 Hesych.
488 1408 702 1461 Βρέντιοι,
730 1408 793 1446 cui
819 1406 974 1448 fabulae
1000 1410 1066 1448 vix
1090 1421 1153 1447 me
1179 1416 1295 1448 teneo
1322 1411 1417 1461 quin
1443 1411 1599 1448 credam
1624 1418 1804 1448 auctores
1849 1410 1950 1446 uisse
1977 1410 2267 1454 Crotonienses,

214 1463 287 1499 nisi
313 1461 521 1498 tribuenda
548 1467 607 1496 est
633 1458 783 1497 cuidam
810 1460 1050 1508 scriptorum
1076 1458 1322 1506 confusioni,
1351 1461 1418 1511 qui
1444 1461 1656 1498 Brundusii
1682 1460 1930 1498 conditorem
1956 1458 1996 1495 in
2021 1459 2267 1497 Bruttiorum

214 1513 353 1550 ducem
379 1517 667 1548 converterunt.
694 1510 735 1545 ln
761 1508 951 1559 Messapia
976 1507 1177 1559 peninsula
1205 1508 1400 1547 deb‘entur
1426 1510 1646 1547 Tarentinis
1672 1522 1731 1555 ea,
1758 1521 1857 1560 quae
1885 1508 1934 1545 de
1955 1509 2137 1545 Herculis
2162 1520 2268 1545 com—

213 1561 429 1600 moratione
456 1558 849 1605 circumferebantur,
874 1558 964 1595 inde
990 1560 1161 1596 Brentus
1175 1560 1358 1596 Herculis
1384 1559 1486 1597 filius
1513 1560 1854 1597 Brundusinorum
1881 1552 2060 1610 οἰκιστής
2087 1557 2266 1609 Stephan.

213 1615 305 1660 Byz.
332 1606 611 1660 Βρεντήσιον.,
638 1621 804 1657 cumque
830 1607 1190 1646 animadvertissent
1213 1610 1306 1647 novi
1331 1609 1463 1646 coloni
1490 1610 1595 1647 circa
1608 1610 1813 1659 Japygium
1864 1612 2151 1647 romontorium
2177 1606 2267 1645 fon-

213 1668 294 1698 tem
320 1670 464 1698 cruore
501 1659 625 1696 visum
661 1656 857 1705 defluere,
894 1657 976 1694 illic
1010 1656 1190 1695 ferebant
1224 1657 1398 1708 gigantes
1432 1670 1517 1695 esse
1545 1659 1593 1695 ab
1619 1661 1799 1695 Hercule
1853 1666 2082 1709 epugnatos.
2109 1658 2266 1695 Aristot-

213 1709 349 1746 mirab.
374 1710 449 1745 100
466 1707 503 1753 ¹⁵]
532 1707 583 1744 cf.
610 1709 764 1756 Ignarra
790 1707 839 1743 de
865 1708 1016 1757 phi-atr.
1039 1720 1079 1756 p.
1105 1708 1183 1745 227
1205 1721 1263 1758 sq.
1295 1707 1414 1746 Aliud
1438 1708 1621 1745 Herculis
1647 1708 1799 1758 signum
1825 1709 1930 1746 circa
1954 1709 2058 1746 idem
2082 1719 2269 1757 promon-

213 1758 360 1796 torium
386 1756 556 1795 servavit
578 1756 684 1791 idem
708 1757 881 1805 scriptor
908 1756 958 1793 de
982 1755 1116 1792 mirab.
1142 1758 1216 1793 102
1223 1770 1237 1800 ,·
1264 1757 1357 1807 quid
1384 1757 1491 1807 quod
1516 1769 1642 1807 neque
1668 1759 1828 1795 Etruria
1854 1770 1992 1795 carere
2017 1757 2141 1794 voluit
2165 1758 2267 1792 Her·

214 1808 312 1845 culis
338 1807 541 1856 posteris?
565 1805 718 1844 Herod.
746 1807 775 1852 1,
810 1806 872 1843 94.
912 1805 1045 1842 Micali
1071 1806 1178 1843 Italia
1201 1807 1230 1844 1.
1253 1807 1393 1857 p.·1oo
1418 1818 1435 1842 s
1467 1835 1476 1845 .
1526 1807 1645 1843 Fama
1682 1807 1732 1844 de
1758 1807 1941 1844 Herculis
1975 1804 2266 1856 migrationibus

216 1863 408 1905 concepta
463 1863 571 1893 ostea
596 1854 790 1905 divulgata
815 1855 862 1892 iis
896 1862 957 1892 est
984 1855 1238 1904 carminibus,
1276 1869 1376 1907 quae
1400 1817 1644 1908 ’ἧρακλεῑαι
1667 1864 1884 1902 vocantur,
1929 1862 2198 1893 revertentem
2223 1866 2266 1891 ea

215 1906 390 1943 docuere
415 1918 436 1942 a
489 1904 613 1941 insula
638 1904 809 1954 Erythea
835 1904 1047 1941 Herculem
1073 1904 1274 1943 advenisse
1299 1906 1338 1942 in
1363 1907 1510 1943 Italiam
1538 1908 1684 1944 Conon.
1699 1907 1734 1944 3.
1754 1906 1805 1943 cf.
1832 1906 2020 1946 Niebuhr.
2038 1905 2129 1945 hist.
2154 1906 2264 1947 Rom,

212 1963 308 1992 tom.
336 1958 362 1991 l.
388 1962 426 2004 p.
450 1955 502 1991 86
521 1967 579 2004 sq.
607 1953 689 1997 (ed.
717 1955 803 2002 11.),
846 1954 916 1991 sed
940 1954 1057 2003 longe
1084 1954 1156 1991 alia
1182 1961 1243 1992 est
1268 1956 1460 1993 sententia
1485 1956 1631 1994 Ritteri
1656 1955 1844 1996 Vorhalle
1869 1969 1908 2006 p.
1934 1956 2009 1993 351
2026 1968 2084 2006 sq.
2133 1954 2201 1991 Sat
2227 1960 2265 1989 et

213 2002 365 2040 abunde
418 2015 492 2039 uae
516 2003 649 2039 monui
683 2002 941 2060 patefaciunt,
978 2004 1175 2053 quomodo
1200 2005 1385 2042 Herculis
1413 2017 1522 2041 sacra
1545 2019 1621 2055 pro
1653 2013 1762 2056 agata
1785 2007 1884 2054 sint,
1922 2017 1995 2042 nec
2021 2002 2266 2054 cogitandum

214 2065 301 2090 esse
327 2051 377 2089 de
391 2017 579 2090 ‘hercule
603 2053 722 2101 Tyrio
749 2051 993 2091 Phoenicum
1019 2054 1068 2102 ⁵),
1093 2053 1152 2090 uti
1176 2053 1304 2091 voluit
1328 2056 1531 2095 Miinterus
1564 2056 1672 2094 Veia
1696 2068 1736 2105 p.
1761 2056 1823 2093 25.

364 2101 563 2138 Tarentini
589 2102 773 2138 Herculis
799 2114 908 2139 sacra
933 2115 955 2138 a
981 2103 1200 2152 Spartanis,
1226 2103 1367 2155 quibus
1392 2104 1626 2142 Heraclidae
1652 2117 1769 2155 reges
1785 2112 1919 2150 erant,
1946 2117 2035 2142 cum
2051 2102 2265 2154 petiissent,

214 2159 255 2190 et
280 2150 356 2203 ipsi
380 2150 609 2188 Heraclidas
634 2149 780 2189 habere
818 2152 857 2189 in
890 2152 1105 2203 majoribus
1138 2153 1218 2191 suis
1256 2153 1384 2203 putati
1418 2160 1507 2190 sunt
1543 2153 1595 2191 cf.
1622 2154 1672 2192 de
1698 2155 1797 2206 orig.
1822 2157 1983 2194 Tarent.
2007 2167 2048 2203 p.
2078 2154 2114 2190 5.
2165 2152 2265 2189 Con-

212 2209 439 2240 sentaneum
473 2207 534 2238 est
569 2200 616 2238 ab
648 2200 695 2239 iis
720 2209 881 2252 praeter
904 2202 1120 2242 Herculem
1145 2201 1275 2244 divino
1300 2202 1455 2243 honore
1480 2202 1605 2243 cultos
1633 2216 1720 2243 esse
1745 2205 1929 2243 Herculis
1954 2210 2160 2255 posteros3
2209 2201 2266 2239 sic

214 2257 367 2288 constat
404 2250 454 2287 de
488 2249 707 2288 Phalantho
742 2251 790 2288 ab
822 2252 999 2290 Hercule
1025 2262 1186 2301 octavo,
1235 2254 1300 2290 cui
1325 2254 1376 2291 ob
1401 2254 1656 2301 beneficium,
1684 2269 1762 2306 quo
1791 2255 1954 2292 Tarenti
1978 2252 2264 2304 possessionem

214 2300 254 2338 in
279 2308 481 2338 aeternum
506 2299 701 2348 fundavit,
739 2300 889 2355 divinos
923 2300 1094 2342 honores
1130 2303 1237 2342 cives
1267 2302 1492 2341 tribuerunt
1503 2302 1536 2353 ⁶)
1562 2304 1703 2342 Justin.
1730 2305 1801 2349 111,
1824 2306 1870 2350 4,
1896 2305 1947 2341 18
2026 2303 2131 2340 ualet
2156 2301 2266 2350 Syra·

216 2349 319 2387 cusis
344 2350 470 2407 Hiero
497 2349 668 2387 obtinuit
692 2345 748 2394 οἷς
773 2347 830 2390 ἄν
854 2350 1018 2403 κτίστης
1044 2352 1222 2406 γεγονώς
1246 2354 1320 2404 τῆς
1345 2348 1503 2397 πόλεως
1528 2354 1645 2397 Diod.
1665 2354 1742 2392 Sic.
1755 2356 1827 2402 xl,
1852 2356 1919 2394 66.
1944 2333 1995 2392 ἑο
2038 2352 2133 2390 alios
2150 2350 2264 2389 etiam

214 2398 396 2437 Herculis
421 2405 548 2450 stirpe
625 2407 769 2450 ognato
795 2402 968 2440 Temeno
1000 2402 1115 2442 heroi
1141 2403 1318 2455 (Miiller
1343 2404 1483 2455 Aegin.
1506 2417 1547 2455 p.
1572 2404 1690 2454 eosq,
1714 2404 1813 2441 Dor.
1841 2404 1871 2444 1.
1897 2416 1939 2453 p.
1964 2405 2058 2448 (Β.)
2085 2400 2264 2439 consimi-

213 2449 271 2487 les
320 2448 492 2486 honores
525 2450 579 2487 tri
607 2450 713 2488 uisse
750 2452 949 2490 Tarentini
982 2454 1190 2501 videntur,
1240 2453 1288 2492 ab
1322 2454 1400 2493 hoc
1425 2454 1528 2492 enim
1552 2462 1709 2493 vocatas
1736 2466 1823 2492 esse
1848 2451 2083 2491 Temenidae
2107 2456 2264 2502 portas,

213 2509 341 2550 neque
376 2510 399 2535 a
429 2510 531 2536 voce
566 2496 611 2537 τέ
647 2512 762 2547 avoc,
798 2500 929 2552 vicino
961 2503 1075 2548 luco,
1111 2502 1218 2554 quod
1255 2504 1393 2541 suadet
1418 2505 1555 2541 Joann.
1579 2504 1738 2541 Juvenis
1765 2504 1818 2541 de
1840 2502 1989 2541 fortun.
2016 2504 2173 2539 Tarent.
2198 2500 2266 2539 IV.

213 2548 262 2596 4,
301 2554 440 2597 aperte
471 2560 542 2584 nos
577 2560 599 2585 e
629 2558 720 2588 ocet
756 2550 953 2601 scriptura
985 2552 1168 2590 codicum
1199 2552 1354 2602 Polybii
1378 2554 1484 2601 Vm,
1525 2555 1598 2600 3⁰,
1622 2555 1660 2593 2.
1696 2551 1968 2605 Τημενίδας.;
1995 2557 2129 2591 eontra
2151 2555 2265 2587 recte

214 2609 305 2646 pars
329 2598 604 2646 Syracusarum
629 2596 655 2638 ὅ
685 2600 929 2652 Τεμενίτης,
964 2614 1063 2652 quae
1097 2608 1238 2653 postea
1261 2602 1530 2652 appellabatur
1553 2605 1738 2654 Neapolis
1765 2605 1921 2642 Cluver.
1946 2603 2054 2642 Sieil.
2079 2599 2198 2652 &ntiq-
2224 2610 2268 2650 P·

215 2648 287 2685 151
302 2673 313 2692 ‚
339 2659 361 2683 a
386 2645 477 2683 luco
503 2645 653 2687 ducere
677 2663 819 2689 nomen
844 2651 1101 2693 existimatur.
1128 2651 1268 2691 Go‘ller
1293 2651 1342 2689 de
1367 2651 1447 2689 situ
1471 2659 1513 2690 et
1538 2653 1638 2704 orig.
1664 2655 1797 2704 Syrae.
1821 2667 1862 2705 p.
1887 2655 2011 2706 fiosq.

214 2721 251 2773 ἰ
265 2721 440 2773 Hercules·
454 2721 696 2768 γιγαντοφὸνπ
715 2727 850 2761 videtur
870 2726 1018 2774 primum
1039 2738 1219 2762 occurrere
1239 2727 1277 2762 in
1296 2728 1428 2763 solioA
1475 2728 1566 2762 llinis
1575 2729 1748 2774 Amyclaei
1761 2731 1907 2766 Pausan.
1926 2729 1999 2771 m„
2021 2726 2070 2767 18,
2092 2729 2127 2762 ⁴1.
2143 2724 2268 2772 Περ·

217 2734 352 2814 Ᾰιεξετς.
371 2771 477 2812 antiq.
501 2766 529 2801 1.
550 2778 586 2811 p.
609 2770 664 2803 23.
704 2769 761 2803 Aa
781 2770 974 2821 Aristotelis
993 2771 1120 2812 locum,
1132 2770 1369 2806 Beonananm
1390 2783 1410 2805 e
1430 2741 1594 2806 ffiusania
1610 2773 1687 2816 lv„
1706 2773 1760 2816 55,
1781 2772 1804 2807 6
1826 2786 1903 2808 com
1948 2779 2002 2808 rat
2021 2771 2175 2806 fabulam
2196 2779 2267 2804 no·

216 2805 419 2856 absimilem.
480 2809 521 2858 ⁸).
529 2809 582 2842 De
602 2809 752 2845 Hercule
772 2813 877 2857 Tyrio
898 2812 976 2846 nde
999 2812 1148 2866 Creuzer
1167 2813 1323 2858 symbol.
1342 2815 1388 2850 11.
1408 2827 1444 2860 p.
1463 2820 1525 2853 211
1547 2826 1565 2848 ε
1591 2839 1603 2850 .
1636 2816 1679 2849 In
1698 2819 1872 2868 numanis
1893 2785 2019 2853 §bulis
2037 2817 2175 2862 absque
2190 2822 2270 2847 cea·

216 2854 381 2882 troversia
409 2850 537 2885 coaluit
557 2861 635 2885 eum
655 2853 806 2888 Hercule
826 2855 973 2889 Graeco.
992 2855 1124 2890 Mulier
1143 2855 1233 2892 nor.
1251 2856 1282 2891 1.
1300 2868 1336 2902 p.
1358 2859 1423 2899 452
1446 2869 1502 2904 sq.
1561 2859 1577 2880 ⁶
1613 2859 1729 2893 Colmt
1749 2862 1901 2897 amnium
1920 2863 2064 2898 maxine
2086 2871 2172 2908 geas
2188 2857 2271 2894 Pb·
