2468 3070
1231 88 1281 125 12

208 196 430 232 racleenses
456 206 530 244 per
562 206 669 231 sacra
695 193 927 233 translatam.
979 193 1086 231 Nihil
1113 194 1217 231 aliud
1241 194 1374 231 turbat
1399 195 1473 232 ni'si
1499 207 1597 232 unus
1623 193 1769 232 nummi
1794 207 1943 246 praeco
1970 195 2148 235 Goltzius
2173 194 2297 244 fraus

210 246 269 283 dis
296 251 504 295 suspectus
531 244 650 282 homo
678 243 757 283 ille.
809 243 960 282 Echhel
986 249 1034 285 D.
1060 246 1108 286 N.
1136 246 1164 282 Ι.
1190 259 1231 295 p.
1258 245 1344 284 153.
1397 246 1606 283 Postremo
1641 244 1732 282 loco
1768 245 1893 284 verbo
1919 246 2164 285 memoranda
2189 256 2279 285 sunt

209 296 335 346 spolia
361 294 560 331 Minervae
589 294 931 344 Coryphasiae
959 295 1136 332 dedicata
1163 306 1211 331 ex
1238 294 1435 332 Leonidae
1455 294 1656 332 Tarentini
1682 294 1964 347 epigrammate
1989 297 2278 337 23s24sHaec

209 345 313 383 unde
340 357 482 382 nomen
509 344 726 382 obtinuerit
754 344 990 394 ignoramus,
1031 352 1222 382 memorat
1249 345 1411 382 eandem
1440 344 1637 383 Arnobius
1663 344 1750 383 adv.
1776 353 1883 401 gent.
1911 349 1991 393 1V.‚
2017 349 2079 384 14.
2106 346 2157 387 cf.
2186 348 2279 385 Mei-

209 395 310 430 nelze
348 394 397 429 ad
421 393 584 430 Leonid.
610 394 635 431 l.
666 404 696 428 c.
728 393 904 430 Creuzer
931 394 1102 442 Symbol.
1130 397 1174 432 ΙΙ.
1205 407 1245 443 p.
1272 395 1359 430 757.
1386 394 1552 430 Naeltius
1579 393 1627 429 ad
1654 393 1881 430 choenlum
1906 408 1949 445 p.
1976 396 2060 433 143.
2087 407 2172 433 eam
2200 396 2279 434 dic-

207 451 288 481 tam
315 449 449 481 censet
476 455 497 479 a
522 442 797 493 promontorio
824 444 1039 481 Messeniae
1066 442 1319 494 Corypbasio‚
1346 443 1553 481 admodum
1579 441 1858 493 probabiliter.

1156 514 1199 561 6)
1223 514 1337 554 Juno.

357 573 507 617 Altera,
535 585 634 623 quae
661 571 816 610 foederi
842 580 1026 622 praeerat
1052 574 1149 619 Dea,
1176 574 1279 611 Juno
1307 581 1366 611 est
1391 573 1603 611 Lacinia
1628 572 1730 611 dieta
1757 587 1778 611 a
1832 577 2078 615 romontorio
2101 578 2279 617 Eustath.

209 623 257 660 ad
285 624 442 670 Dionys.
472 623 630 671 Perieg.
657 624 744 660 371,
773 621 825 660 ef.
859 622 907 658 de
946 623 1051 659 civit.
1078 624 1235 659 'I'arent.
1262 637 1300 672 p.
1325 625 1388 663 49.
1440 623 1559 672 Cujus
1597 635 1739 660 numen
1778 637 1798 659 a
1862 624 1972 661 initio
2011 627 2124 676 quale
2157 627 2280 664 fuerit

209 673 385 722 perspici
412 671 570 722 quidem
597 672 744 721 nequit,
771 672 937 708 dixerim
963 679 1092 708 tamen
1119 672 1427 722 antiquissimum
1454 671 1595 719 fuisse,
1622 672 1716 722 ipsis
1744 673 1919 723 Pelasgis
1947 683 2143 722 sanctum,
2169 684 2280 713 natu-

205 734 351 771 raeque
377 720 608 769 symbolum,
633 721 810 757 Astartae
827 721 1071 757 Phoenicum
1099 721 1161 757 vel
1189 722 1564 771 Carthaginiensium
1592 722 1666 758 etsi
1693 721 1744 758 ob
1775 734 1927 759 caussas
1957 724 2048 760 satis
2075 725 2182 762 leves
2209 724 2278 771 (cf.

207 771 350 808 Athen.
375 771 459 807 xn.
488 783 527 819 p.
554 771 643 820 509.
672 769 889 819 Schweigh.
919 769 1083 808 Aristot.
1111 770 1248 810 mirab.
1271 772 1358 817 99.)
1393 777 1658 822 comparatum
1686 784 1707 808 a
1734 771 1932 809 Creuzero
1960 772 2132 822 Symbol.
2168 776 2210 814 u.
2239 788 2279 826 p.

206 822 282 858 270
308 834 365 871 sq.
417 820 570 858 seriori
607 828 786 869 tempore
815 823 940 856 Deam
974 833 1051 856 non
1079 820 1162 856 sine
1190 822 1345 857 mutatis
1373 822 1516 866 saeris,
1545 822 1704 869 opinor,
1732 822 1863 858 colere
1891 823 2023 871 eoepit
2051 824 2280 862 Crotonien-

207 871 306 905 sium
332 870 502 915 colonia,
530 869 638 918 cujus
665 881 743 905 non
769 869 895 905 solum
923 870 1068 905 nummi
1094 870 1298 906 Junoniam
1324 870 1554 920 religionem
1588 870 1808 906 luculenter
1833 877 2029 908 testantur
2054 871 2205 910 Eclthel
2231 874 2279 910 D.

205 921 254 958 N.
284 922 312 958 1.
367 946 377 956 .
408 919 484 956 17⁰
503 931 583 968 sq.,
621 918 692 954 sed
719 919 951 956 commixtae
989 920 1106 955 etiam
1132 919 1281 956 Lacinii
1311 922 1359 965 15)
1385 919 1651 970 promontorii
1679 926 1720 955 et
1746 921 1926 958 Crotonis
1952 919 2121 962 fabulae.
2149 922 2279 961 Schol.

206 933 408 1018 Lycopzr.
436 969 547 1006 1006.
572 968 660 1006 856.
689 968 813 1007 schol.
843 968 1014 1007 Theocr.
1042 970 1131 1015 1V.,
1168 970 1230 1007 33.
1256 969 1442 1018 Stephan.
1469 971 1565 1018 Byz.
1594 967 1811 1008 Λακίνιον.
1866 970 1941 1007 Ubi
1969 970 2116 1008 Croton
2141 970 2280 1009 foede-

205 1019 259 1054 ris
287 1017 450 1054 Achaici
476 1017 584 1066 quasi
611 1024 731 1065 caput
755 1016 859 1054 facta
888 1025 970 1061 est,
1012 1017 1106 1054 abiit
1136 1020 1241 1055 Deae
1281 1016 1407 1055 cultus
1442 1018 1491 1054 ad
1527 1018 1704 1055 civitates
1740 1018 2037 1056 confoederatas
2070 1020 2277 1071 ipsumque

207 1069 446 1112 'l'arentum3
487 1066 633 1102 ideirco
668 1065 841 1102 dubitari
873 1067 1031 1123 nequit,
1076 1067 1170 1116 quin
1206 1067 1343 1104 eadem
1378 1069 1484 1103 Deae
1519 1067 1699 1104 Laciniae
1736 1080 1843 1105 saera
1870 1082 1889 1104 a
1917 1069 2188 1118 Metapontinis
2214 1081 2277 1105 re-

208 1125 324 1166 cepta
351 1116 440 1161 sint,
469 1115 615 1166 quippe
643 1127 692 1151 ex
714 1114 860 1162 Achaja
888 1115 1080 1162 omundis,
1106 1116 1209 1165 apud
1236 1130 1333 1167 quos
1360 1116 1522 1153 Junonis
1548 1117 1738 1167 templum
1764 1117 1960 1168 vitigineis
1987 1118 2175 1155 columnis
2203 1125 2279 1156 ste-

207 1167 302 1202 tisse
330 1173 472 1202 auctor
509 1172 569 1200 est
597 1165 741 1201 Plinius
769 1166 890 1210 XIV.,
925 1166 982 1209 2.‚
1021 1178 1150 1215 neque
1179 1166 1281 1214 apud
1313 1167 1544 1202 'l'arentinos
1572 1179 1650 1202 non
1676 1166 1752 1203 fuit
1778 1167 1941 1203 Junonis
1968 1167 2108 1211 aedes,
2150 1180 2223 1217 pro
2256 1180 2277 1204 e

208 1229 324 1265 quam
361 1216 457 1251 vixit
493 1214 558 1250 ille
590 1214 833 1262 Pythagorae
866 1214 939 1250 bos
971 1213 1030 1262 10).
1083 1214 1286 1254 Jamblich.
1317 1215 1381 1254 vit.
1409 1215 1521 1263 Pyth.
1548 1217 1662 1260 XIII„
1699 1217 1761 1253 61.
1788 1215 1982 1265 Porphyr.
2009 1217 2070 1261 24.
2132 1217 2209 1272 Qui
2239 1216 2279 1253 ni

206 1266 329 1313 igitur
357 1264 565 1300 Tarentina
590 1264 753 1299 Junonis
789 1276 897 1299 saera
934 1263 1071 1300 similia
1114 1264 1285 1300 dieamus
1322 1265 1514 1300 exstitisse
1554 1264 1875 1301 Crotoniensibus
1914 1272 1954 1300 et
1988 1266 2278 1313 Metapontinis‚

209 1325 309 1363 quae
336 1313 546 1362 antiquitus
574 1324 622 1347 ex
650 1312 846 1361 Argolidis
873 1313 1033 1348 Junonis
1070 1313 1178 1349 cultu
1217 1313 1343 1349 clarae
1371 1314 1464 1349 sede
1490 1313 1529 1349 in
1555 1312 1718 1349 vicinam
1744 1311 1946 1361 Achajam,
1982 1313 2213 1350 Corinthum
2240 1321 2280 1350 et

209 1366 387 1411 „Spartam
414 1361 755 1410 permanaverint'?
807 1360 858 1399 ef.
885 1362 1029 1396 Miiller
1055 1363 1152 1397 Dor.
1182 1370 1276 1399 tom.
1305 1364 1331 1397 1.
1359 1376 1396 1410 p.
1424 1362 1499 1398 395
1524 1375 1541 1397 s
1572 1388 1582 1398 .
1634 1362 1675 1397 ld
1711 1362 1869 1411 quidem
1905 1362 2114 1398 admodum
2138 1363 2278 1399 mirum

210 1411 374 1459 accidit,
403 1411 444 1447 in
471 1422 628 1446 nummo
657 1410 871 1447 Tarentino
899 1422 948 1446 ne
975 1410 1055 1446 ullo
1084 1410 1243 1461 quidem
1270 1410 1434 1447 Junonis
1462 1375 1709 1448 simtillacrum
1734 1411 1922 1461 conspici.

1151 1482 1193 1529 7)
1223 1483 1348 1518 Ceres.

360 1541 424 1578 De
454 1541 601 1578 Cerere
627 1541 765 1577 melius
793 1548 942 1578 constat
971 1553 992 1578 e
1020 1542 1203 1588 nummis,
1246 1555 1322 1578 non
1352 1542 1454 1578 enim
1481 1541 1725 1589 dubitamus,
1753 1542 1844 1593 quin
1871 1542 1918 1579 ad
1945 1541 2044 1580 hanc
2068 1542 2192 1580 Deam
2218 1555 2281 1580 re-

210 1589 417 1627 serendum
444 1592 493 1627 sit
520 1598 638 1639 caput
664 1591 820 1639 elegans
848 1603 936 1626 cum
962 1592 1089 1636 arista,
1117 1591 1224 1640 quod
1254 1592 1401 1627 Veneri
1426 1592 1622 1628 immerito
1648 1592 1825 1627 attribuit
1852 1592 2100 1630 Pellerinius.
2127 1592 2280 1628 Echhel

210 1653 316 1678 num.
344 1639 479 1677 anecd.
508 1653 592 1690 pag.
622 1640 684 1676 31.
711 1639 787 1676 tab.
817 1640 892 1686 lIL,
920 1640 954 1676 1.
981 1640 1015 1678 2.
1045 1640 1081 1676 3.
1133 1641 1203 1676 Est
1237 1639 1342 1676 idem
1379 1639 1475 1676 illud
1509 1639 1702 1677 muliebre
1740 1647 1856 1689 eaput
1892 1641 2008 1690 spicis
2036 1649 2279 1685 coronatum,

210 1690 346 1726 monili
374 1696 414 1726 et
442 1690 588 1725 annulis
628 1688 869 1725 auriculariis
897 1696 1075 1726 ornatum
1102 1690 1277 1725 Mionnet
1304 1689 1437 1738 Suppl.
1468 1692 1494 1730 Ι.
1522 1704 1559 1739 Ρ.
1589 1691 1675 1735 276,
1703 1690 1808 1739 quod
1836 1690 2080 1738 conspicitur
2105 1691 2145 1726 in
2172 1703 2280 1726 num-

210 1741 282 1774 mis
310 1739 664 1787 Metapontinorum
691 1737 855 1774 Eclthel.
884 1738 911 1775 l.
930 1750 974 1773 ·e.
1002 1751 1040 1787 p.
1067 1738 1129 1774 38.
1155 1738 1231 1777 tab.
1261 1739 1346 1784 111„
1391 1740 1451 1777 16.
1481 1739 1531 1775 ob
1560 1738 1715 1775 Cereris
1753 1739 1901 1774 cultum
1938 1739 2029 1774 olim
2068 1738 2279 1776 illustrium

210 1788 265 1825 ef.
294 1788 603 1825 VVinckelmannv
637 1799 727 1835 opp.
755 1787 821 1825 1V.
849 1800 888 1835 p.
917 1788 1000 1822 119.
1055 1789 1177 1834 Heyn.
1206 1800 1340 1835 opusc.
1371 1789 1413 1822 11.
1441 1801 1480 1836 p.
1502 1790 1588 1824 206.
1618 1787 1806 1823 Occurrit
1832 1789 1925 1822 item
1953 1794 2130 1823 ornatum
2159 1788 2279 1823 Cere-

208 1837 262 1873 ris
289 1843 407 1886 eaput
437 1837 556 1873 comis
584 1835 755 1885 religatis
784 1842 824 1871 et
850 1836 959 1885 juxta
985 1835 1024 1871 id
1051 1836 1157 1884 spica
1185 1837 1356 1872 Mionnet
1385 1837 1522 1886 Suppl.
1552 1849 1591 1886 p.
1617 1836 1703 1879 278,
1732 1836 1844 1886 quale
1872 1848 1949 1872 non
1975 1836 2099 1873 minus
2125 1836 2165 1872 in
2192 1836 2278 1873 Me-

209 1887 412 1936 tapontino
450 1900 606 1923 nummo
640 1886 895 1934 conspicuum
934 1892 993 1921 est
1029 1885 1178 1922 Eclthel
1206 1887 1253 1921 l).
1281 1887 1325 1921 N.
1356 1888 1380 1923 1.
1407 1900 1445 1935 p.
1474 1887 1574 1931 155.‚
1612 1885 1648 1921 in
1677 1885 1752 1921 alio
1781 1885 1949 1935 denique
1977 1886 2137 1922 Tarenti
2163 1899 2278 1921 num-

208 1949 272 1971 mo
303 1935 461 1971 Cereris
486 1943 604 1984 caput
630 1935 802 1971 locatum
827 1934 932 1970 inter
958 1934 1086 1983 pisces
1113 1934 1223 1971 duos.
1251 1935 1430 1971 Mionnet
1456 1936 1482 1973 l.
1511 1947 1541 1971 c.
1571 1948 1610 1984 p.
1636 1934 1724 1970 275.
1775 1935 1967 1970 Poterant
1983 1935 2092 1971 Deae
2119 1934 2279 1980 cultum,

209 1998 325 2036 quem
352 1998 372 2021 a
400 1984 661 2022 Doriensibus
689 1984 856 2021 alienum
889 1981 986 2020 dixit
1013 1983 1200 2021 Misslerus
1228 1986 1322 2021 Dor.
1350 1986 1378 2021 1.
1403 1998 1440 2034 p.
1467 1985 1542 2030 399
1567 1997 1648 2035 sq...
1699 1983 1829 2020 coloni
1857 1984 2056 2020 Tarentini
2091 1991 2231 2033 petere
2257 1998 2279 2021 a

213 2035 410 2072 veteribus
437 2035 633 2072 Laconiae
659 2033 815 2079 incolis,
843 2033 945 2082 apud
973 2046 1069 2083 quos
1097 2047 1185 2070 eum
1212 2041 1408 2071 servatum
1436 2047 1521 2071 esse
1548 2032 1725 2083 prodidit
1751 2033 1954 2070 Pausanias
1982 2035 2056 2078 111„
2082 2035 2146 2078 20,
2173 2034 2200 2070 5
2223 2047 2281 2084 sq.
2342 2054 2344 2057 ·

209 2083 259 2124 cf.
289 2086 365 2129 111„
392 2085 451 2130 14,
479 2085 514 2123 5.
551 2085 719 2129 Cereris,
747 2096 846 2133 quae
874 2082 1172 2119 Eleusiniae
1201 2084 1431 2133 cognomine
1461 2084 1596 2127 claret,
1622 2082 1717 2119 haec
1745 2094 1853 2118 sacra
1880 2081 2008 2119 fuere.
2036 2082 2086 2119 cf.
2112 2082 2280 2132 Hesych.

208 2132 459 2174 Ἐλευσίνια.
517 2133 628 2170 Cadit
663 2140 771 2169 certe
798 2133 838 2168 in
878 2133 1024 2179 cultum
1052 2134 1280 2182 mysticum,
1323 2132 1430 2183 quod
1458 2131 1677 2181 Hesychius
1704 2126 1866 2183 Δάμεια
1893 2131 1985 2169 festi
2012 2144 2153 2169 nomen
2179 2132 2283 2182 apud

209 2185 446 2221 Tarentinos
474 2183 594 2219 fuisse
622 2183 741 2228 dicit,
777 2181 982 2218 manifesto
1010 2181 1111 2217 enim
1139 2183 1273 2218 Damia
1302 2182 1373 2217 dea
1400 2183 1476 2218 hoc
1503 2182 1659 2217 nomine
1688 2183 1913 2230 designatur
1939 2182 2021 2217 sive
2049 2182 2189 2228 Ceres,
2218 2182 2282 2218 cui

207 2234 410 2271 Eleusinio
438 2244 546 2270 saera
572 2232 719 2269 fierent
745 2231 835 2267 ritu.
888 2231 1050 2269 Pausan.
1077 2233 1135 2277 ll.‚
1162 2232 1223 2276 30,
1251 2232 1277 2268 5
1307 2232 1365 2278 ¹7).
1418 2231 1461 2267 Id
1488 2238 1616 2267 tamen
1642 2243 1718 2267 non
1745 2229 2057 2279 disceptaverim,
2099 2238 2230 2267 utrum
2258 2242 2280 2266 e

210 2284 336 2331 patria
368 2284 416 2326 ιθ)
445 2295 492 2317 an
519 2281 565 2317 ab
593 2281 694 2317 Italis
722 2280 818 2316 haec
846 2281 1005 2315 Damiae
1033 2292 1139 2316 sacra
1166 2280 1367 2316 Tarentini
1395 2279 1646 2328 acceperint,
1683 2292 1768 2315 nam
1795 2279 1977 2315 Damium
2008 2278 2132 2315 fuisse
2158 2279 2282 2316 sacri-

209 2333 340 2369 ficium
367 2332 406 2368 in
433 2330 627 2367 honorem
652 2331 787 2366 Bonae
814 2330 926 2365 Deae
953 2328 1098 2365 factum
1126 2330 1278 2373 Festus,
1307 2328 1380 2366 etsi
1410 2329 1449 2365 in
1477 2328 1638 2378 reliquis
1665 2327 1878 2366 hariolatus
1905 2335 1985 2374 est,
2021 2328 2160 2365 retulit
2186 2342 2217 2368 s,
2246 2341 2282 2367 v.

210 2383 400 2417 Damium.
454 2379 652 2429 Equidem
680 2390 757 2413 non
783 2390 946 2426 prorsus
984 2378 1181 2413 caecutire
1216 2378 1312 2413 mihi
1338 2377 1523 2423 videbor,
1567 2378 1598 2413 si
1627 2389 1778 2413 omnem
1806 2376 1961 2413 Cereris
1988 2377 2136 2413 cultum
2161 2379 2282 2414 Meta-

211 2438 333 2480 ponto
365 2433 580 2467 Tarentum
617 2427 773 2464 allatum
807 2438 893 2463 esse
931 2425 1198 2474 affirmavero,
1235 2427 1500 2477 Metapontina
1527 2427 1627 2464 enim
1655 2426 1787 2466 ciuitas
1814 2425 1912 2464 adeo
1940 2425 2074 2463 dedita
2099 2438 2144 2464 ac
2171 2426 2281 2477 quasi

210 2526 361 2571 Euripid.
388 2525 515 2558 Troad.
541 2529 624 2566 1119
645 2522 793 2557 Seidler.
838 2522 931 2554 Deae
954 2521 1141 2562 χαλκιοίκου
1165 2525 1301 2565 τέμενος
1322 2528 1491 2555 memorat
1514 2521 1672 2565 Polybius
1694 2522 1755 2561 IV,
1785 2525 1846 2561 22,
1868 2524 1900 2557 8.
1918 2539 1960 2545 —
1984 2521 2177 2554 Minervam
2200 2521 2284 2563 ejus·

211 2579 278 2611 que
318 2568 483 2600 solemnia
511 2573 586 2599 acta
617 2566 734 2598 nescio
766 2577 809 2597 nn
847 2571 1000 2609 spectent
1023 2565 1116 2596 colus
1144 2571 1177 2596 et
1208 2566 1301 2596 susus
1326 2567 1475 2596 Crenzer
1497 2564 1651 2608 Symbol.
1675 2565 1720 2597 11.
1741 2577 1776 2607 p.
1799 2566 1879 2602 688,
1911 2564 2068 2596 videlicet
2091 2564 2281 2595 Minervam

210 2613 379 2652 lvjrganen,
417 2610 493 2641 vide
525 2609 608 2642 ibid.
638 2620 675 2652 p.
700 2609 764 2643 744
776 2619 828 2651 sq.
895 2609 935 2645 ²³)
965 2606 1137 2638 Lacinium
1168 2607 1287 2649 templi
1315 2606 1528 2638 conditorem
1551 2616 1570 2637 a
1592 2606 1712 2638 Latino
1735 2617 1805 2638 non
1828 2606 2000 2638 diversum
2022 2616 2094 2639 esse
2117 2605 2282 2638 existimat

210 2652 377 2685 Niebuhr.
400 2651 475 2685 hist.
498 2652 598 2683 Rom.
620 2657 705 2684 tom.
728 2650 756 2689 I,
780 2662 812 2692 p.
835 2649 880 2683 83
892 2660 944 2699 sq.
969 2648 1066 2686 (edit.
1090 2648 1160 2687 IL).
1182 2649 1254 2679 Dea
1275 2648 1411 2680 Lacinia
1433 2659 1476 2679 an
1500 2647 1618 2680 eadem
1639 2648 1699 2687 sit,
1729 2649 1781 2680 eui
1810 2648 1997 2680 Leucadiae
2019 2657 2146 2680 nomen
2169 2646 2283 2678 tribui·

209 2702 267 2727 tur
296 2693 387 2736 apud
411 2693 581 2726 Plutarch.
613 2693 655 2725 de
684 2703 752 2726 ser.
780 2703 873 2724 num.
903 2690 1041 2724 vindict.
1074 2695 1132 2728 12,
1163 2690 1308 2724 dubites.
1342 2690 1388 2724 cf.
1416 2691 1535 2734 Heyne
1557 2700 1675 2733 opusc.
1699 2690 1744 2723 11.
1765 2702 1798 2735 p.
1824 2692 1898 2725 174.
1940 2691 1980 2731 ¹⁶)
2004 2690 2115 2722 Boves
2136 2698 2156 2720 a
2179 2688 2281 2721 sacris

210 2735 357 2771 Junonis
378 2745 447 2767 non
470 2736 569 2767 alieni
591 2742 682 2770 sunt.
726 2735 877 2767 Creuzer
899 2734 922 2767 S
938 2734 1054 2766 ·mbol.
1113 2733 1158 2767 ΙΙ.
1186 2746 1221 2777 Ρ.
1244 2731 1335 2774 576.,
1358 2739 1395 2764 ut
1417 2732 1565 2775 suspicio
1588 2732 1717 2765 oriatur
1738 2733 1843 2765 hoves
1865 2732 2004 2765 Tarenti
2021 2730 2142 2774 quovis
2166 2742 2282 2764 mense

208 2779 417 2812 sacrific-atos
445 2776 570 2810 Athen.
601 2778 663 2808 lv.
693 2789 728 2819 p.
755 2779 816 2809 166
837 2787 891 2819 sq.
922 2787 957 2808 ιη
987 2774 1131 2808 Junonis
1160 2776 1328 2806 honorem
1358 2785 1429 2807 esse
1461 2774 1663 2806 immolatos.
1717 2777 1757 2812 ²⁷)
1780 2775 1877 2806 Adde
1899 2775 2002 2818 plura
2024 2771 2115 2815 apud
2137 2772 2279 2807 Mffller.

208 2820 372 2867 Aeginet.
403 2828 440 2862 p.
465 2820 524 2852 170
541 2820 592 2861 sq'.
614 2819 718 2851 Recte
750 2818 803 2851 vir
833 2817 1043 2851 doctissimus
1075 2816 1157 2850 olim
1190 2816 1383 2850 observavit
1404 2814 1569 2859 Δαμάτηρ
1591 2816 1674 2848 nihil
1697 2816 1788 2849 aliud
1812 2827 1885 2849 esse
1912 2825 2015 2859 quam
2037 2813 2278 2858 Δαμιαμάτηρ.

205 2867 258 2899 Ne
280 2862 398 2897 audias
421 2859 564 2892 Meursii
586 2871 699 2903 nugas.
725 2862 769 2895 cf,
793 2861 954 2895 Creuzer.
976 2859 1130 2903 Symbol.
1154 2861 1214 2892 IV.
1238 2871 1274 2903 p.
1297 2862 1369 2903 304.
1391 2860 1577 2892 Sacerdost
1606 2859 1848 2891 Damiamatrix
1877 2858 1911 2889 in
1934 2856 2081 2888 tectione
2102 2857 2279 2902 marginali

208 2907 301 2951 apud
323 2906 463 2936 Festum
486 2914 514 2935 s.
540 2913 569 2932 v·
593 2901 775 2932 damium
798 2909 1016 2934 memoratur.
1063 2904 1103 2942 ις)
1126 2902 1294 2946 Neapolin
1317 2902 1455 2946 quidem
1480 2901 1613 2934 Cereris
1636 2901 1767 2934 Aristae
1788 2910 1883 2934 sacra
1905 2898 2045 2932 Athenis
2067 2899 2168 2931 allata
2189 2904 2280 2932 sunt.
