2468 3070
144 999 149 1005 ‘
206 994 349 1028 nummi
377 993 562 1029 exhibent
599 993 854 1042 antiquissimi
888 994 1076 1031 Mionnet.

214 163 366 194 constat
392 155 440 192 de
467 155 651 206 singulari
674 153 849 204 Neptuni
874 154 1057 190 Taenarii
1082 154 1189 192 cultu
1214 156 1278 193 vel
1304 154 1405 202 inde,
1441 153 1549 204 quod
1579 152 1805 191 sacerdotes
1846 152 2118 203 'lhcvapmwa'
2151 153 2280 190 vocati

212 213 300 244 sunt
325 219 347 242 a
372 205 601 243 Tarentinis.
636 202 805 252 Hesych.
845 204 1085 255 Ίῖκιναριάς.
1141 206 1397 255 >Conspicitur
1430 206 1635 253 Neptunus
1672 203 1712 240 in
1744 202 1909 239 nummis
1943 203 2163 240 Tarentinis
2189 203 2278 253 biga

210 261 346 293 vectus
371 255 546 292 Mionnet
570 254 598 292 l.
626 266 666 303 p.
693 253 779 292 137.
805 254 944 305 Suppl.
970 255 995 294 l.
1021 268 1059 304 p.
1085 256 1227 302 2805),
1253 254 1469 290 tridentem
1494 261 1631 289 tenens
1657 254 1697 288 in
1725 265 1883 288 nummo
1911 251 1987 287 alio
2015 252 2111 291 ibid.
2166 253 2275 298 .279,

213 316 286 342 nec
312 312 440 342 tamen
466 302 654 353 frequens
679 303 788 340 Deus
805 303 844 340 in
871 303 1049 341 nummis.
1077 305 1200 352 Heyn.
1230 316 1365 353 opusc.
1393 303 1431 349 ll,
1459 316 1497 351 Ρ.
1519 301 1606 338 220.
1634 301 1897 351 Frequentius
1925 300 2034 336 istius
2061 314 2141 349 sym
2170 301 2276 338 olum

210 353 409 391 tridens
436 354 630 397 (Creuzer
656 352 828 400 Symbol.
853 360 948 391 tom.
975 353 1015 388 ll.
1042 367 1080 403 p.
1105 354 1200 398 597)
1227 353 1266 389 in
1290 366 1406 388 manu
1441 351 1619 386 Tar-antis
1655 349 1747 395 filii,
1784 350 1832 386 ad
1858 362 1976 401 quem
2003 349 2098 386 abiit
2125 351 2273 400 insigne

206 401 593 452 paternumMionnet
611 401 637 441 l.
658 415 698 452 Ρ.
714 402 798 441 137.
816 402 904 442 138.
924 402 997 439 141
1010 414 1068 452 sq.
1082 402 1217 459 Suppl.
1231 402 1256 441 l.
1269 415 1308 451 p.
1324 402 1400 439 277
1410 401 1550 451 sq.282
1561 412 1630 449 sq„
1657 399 1843 437 videlicet
1869 412 1946 449 quo
1976 398 2272 449 significaretur,

207 451 435 488 maritimam
461 452 763 488 Tarentinorum
790 451 1004 495 civitatem,
1032 452 1142 501 cujus
1169 452 1289 501 1psius
1317 452 1532 499 symbolum
1559 448 1623 486 ille
1643 452 1761 486 'raras
1778 455 1850 493 est,
1876 448 2046 484 maribus
2067 449 2276 498 imperare,

209 500 533 550 quemadmodum
548 502 656 537 Deus
692 500 830 537 dextra
856 514 924 537 sua
949 500 1161 538 tridentem
1187 500 1341 539 vibrans
1369 501 1557 549 imperat3
1586 499 1654 536 sed
1682 499 1798 535 etiam
1824 498 2057 545 thynnorum
2083 499 2276 548 piscatum

208 549 378 586 tridente
404 561 521 598 posse
549 549 771 586 adumbrari
797 551 998 586 Miinterus
1024 550 1175 586 monuit
1202 550 1309 588 Velia
1334 562 1424 599 pag.
1451 550 1512 586 24.
1565 548 1803 586 Luculenter
1831 547 2039 584 ostendunt
2064 547 2275 583 tridentem

206 598 351 634 nummi
378 599 657 636 Paestanorum
683 597 833 635 Eckhel
877 612 980 638 num.
1025 599 1160 637 anecd.
1195 613 1236 650 p.
1271 601 1334 640 39.
1359 599 1434 637 tab.
1463 598 1526 645 lll,
1563 599 1632 644 18,
1668 597 1716 634 ad
1742 610 1839 648 quos
1868 598 2072 633 Troezene
2100 597 2274 646 Neptuni

206 648 348 697 religio
374 648 556 685 translata
583 657 654 685 est.
689 648 1035 685 Raoul-Rochette
1061 649 1151 689 hist.
1182 650 1306 686 colon.
1338 651 1475 685 Graec.
1495 656 1589 685 tom.
1617 648 1670 685 ill.
1697 660 1734 695 p.
1762 648 1852 683 245.
1880 667 1928 673 -
1956 646 2143 682 Occurrit
2165 646 2270 681 aliud

206 695 272 732 dei
298 696 514 744 symbolum
548 697 736 748 frequens
772 697 811 733 in
848 697 1012 734 nummis
1047 698 1265 735 Tarentinis
1293 697 1528 746 delphin,
1562 696 1718 734 omnino
1745 694 1903 731 urbium
1927 695 2204 732 maritimarum
2232 702 2271 732 et

207 745 477 795 navigatorum
515 746 666 782 insione
705 748 881 783 Creuzer
917 747 1087 795 Symbol.
1131 748 1172 787 ll.
1208 761 1296 796 pag.
1324 748 1400 783 603
1416 759 1499 795 sq.,
1539 759 1655 797 quem
1690 745 1845 793 saepius
1884 756 2013 792 prope
2045 746 2271 793 Neptunum

209 795 384 844 conspici
420 796 552 832 monui
589 774 638 830 de
673 795 773 844 orig.
808 797 896 832 Tar.
935 809 974 845 p.
1010 797 1081 843 20,
1118 808 1192 833 nec
1219 808 1376 845 semper
1402 794 1494 831 huic
1523 794 1664 832 insidet
1693 796 1835 839 Taras,
1865 793 1927 830 cui
1955 793 2183 830 attributum
2211 801 2272 831 cst

206 844 375 893 patrium
403 845 540 881 animal
567 844 660 880 ibid.
686 857 773 893 pag.
799 845 846 889 4,
889 858 1025 881 verum
1050 845 1157 882 solus
1184 846 1298 881 etiam
1326 845 1360 888 Ο)
1392 845 1555 880 nummis
1583 856 1748 880 excusus
1775 850 1836 879 est
1862 843 2036 879 Mionnet
2055 845 2080 881 l.
2117 857 2156 892 p.
2184 845 2270 882 140.

206 894 291 930 148.
321 895 405 934 149.
432 894 571 943 Suppl.
598 894 625 931 l.
654 907 692 942 p.
722 894 924 932 275277.
953 895 1041 932 278.
1069 894 1270 932 279280.
1299 895 1386 933 281.
1415 895 1503 931 292.
1558 896 1656 929 Item
1694 892 1742 928 ad
1777 894 2001 942 Neptunum
2037 891 2269 930 referendus

209 949 268 981 est
293 944 533 994 Pegasus,
568 942 784 981 secundum
809 942 976 981 fabulam
1002 943 1050 981 ab
1081 945 1094 980 i
1125 957 1167 980 so
1204 945 1388 993 Neptuno
1421 944 1575 992 genitus
1612 942 1846 992 Apollodor.
1882 942 1932 987 ll,
1969 943 2013 985 4,
2048 943 2118 988 12,
2152 957 2268 993 quem

1096 957 1129 1032 ¹l).
1172 1006 1211 1042 p.
1240 994 1324 1029 139.
1352 993 1488 1042 Suppl.
1518 993 1540 1029 l.
1583 1006 1621 1042 p.
1651 993 1740 1029 280.
1801 990 1950 1027 ΕοΙὼοΙ
1971 991 2020 1026 D.
2040 992 2086 1027 N.
2115 1005 2152 1041 p.
2187 993 2267 1029 Ι45.

206 1042 356 1080 Rasche
383 1043 498 1082 lexic.
525 1043 574 1088 V,
603 1044 637 1078 1.
662 1055 700 1091 p.
729 1043 831 1088 527„
857 1054 931 1079 nec
956 1042 1083 1078 minus
1109 1041 1186 1079 huc
1212 1042 1385 1092 pertinet
1413 1055 1534 1092 equus
1561 1041 1730 1078 marinus
1755 1041 1934 1077 Mionnet
1947 1042 1973 1079 Ι.
2003 1053 2041 1088 Ρ.
2069 1041 2152 1079 139.
2181 1043 2266 1081 140.

206 1092 342 1141 Suppl.
369 1092 393 1130 l.
428 1104 514 1142 pag.
551 1093 635 1129 281.
673 1092 759 1129 286.
799 1091 847 1128 cf.
886 1093 999 1131 Voss.
1036 1092 1151 1141 epist.
1187 1092 1347 1140 mythol.
1385 1092 1423 1130 ll.
1463 1105 1501 1141 p.
1530 1093 1605 1128 222
1623 1104 1703 1141 sq.,
1731 1097 1798 1126 aut
1824 1097 2040 1126 monstrum
2066 1091 2267 1137 marinum,

206 1142 313 1191 quod
351 1143 469 1178 Taras
506 1148 616 1177 tenet
640 1142 813 1177 Mionnet
839 1141 865 1179 l.
899 1154 940 1190 p.
970 1142 1057 1178 143.
1096 1142 1180 1180 145.
1217 1141 1356 1190 Suppl.
1386 1141 1411 1178 l.
1439 1153 1478 1189 p.
1505 1141 1592 1179 291.
1609 1168 1618 1186 ,
1653 1147 1742 1176 sunt
1768 1139 1865 1175 haec
1891 1139 2015 1174 omnia
2042 1139 2103 1174 rei
2128 1141 2268 1177 navalis

206 1189 378 1239 symbola
413 1197 453 1226 et
489 1189 645 1238 imperii
681 1190 875 1229 maritimi.
942 1190 1122 1226 Pertinet
1154 1190 1322 1240 denique
1355 1190 1402 1225 ad
1439 1190 1611 1239 Neptuni
1645 1189 1877 1237 religionem
1914 1188 2038 1237 figura
2068 1189 2267 1227 muliebris

208 1239 310 1275 nuda
336 1240 375 1274 in
401 1239 488 1276 citis
514 1239 614 1288 bigis
640 1239 836 1288 flagellum
862 1246 998 1277 tenens
1025 1240 1089 1277 vel
1115 1239 1326 1276 tridentem
1351 1240 1525 1276 Mionnet
1548 1239 1572 1275 l.
1598 1253 1636 1289 p.
1667 1239 1762 1285 137,
1804 1251 1918 1288 quam
1948 1249 2035 1273 esse
2071 1238 2267 1288 Amphi-

207 1289 371 1325 triten
408 1289 581 1337 Neptuni
616 1302 781 1324 uxorem
818 1289 1019 1338 (Apollod.
1057 1290 1089 1336 l,
1123 1291 1169 1336 4,
1199 1292 1237 1328 6.
1275 1290 1436 1328 Hesiod.
1472 1290 1605 1338 theog.
1632 1289 1709 1325 930
1724 1293 1801 1338 sq.)
1827 1295 1937 1323 recte
1965 1287 2179 1335 suspicatus
2207 1296 2267 1325 est

206 1338 356 1375 Eclzhel
381 1339 428 1376 D.
457 1340 502 1375 N.
531 1338 557 1377 l.
584 1352 621 1388 p.
651 1338 734 1376 147.
790 1338 977 1376 Occurrit
1012 1339 1106 1376 item
1141 1338 1244 1388 apud
1269 1340 1445 1376 Mionnet
1470 1339 1496 1376 1.
1527 1351 1559 1375 c.
1588 1337 1712 1387 ligura
1739 1337 1840 1373 nuda
1867 1335 2139 1385 delphinorum
2167 1337 2266 1387 bigis

206 1395 340 1434 vecta,
365 1401 478 1437 quam
534 1400 578 1423 ro
604 1390 753 1423 marino
781 1388 938 1424 numine
964 1387 1084 1424 habet
1108 1387 1279 1432 Eclzhel,
1313 1391 1490 1435 Begerus
1518 1395 1685 1436 propter
1710 1386 1948 1435 adscriptum
1982 1385 2098 1424 ΝΙΚ
2121 1386 2265 1437 aliquid

206 1448 291 1473 esse
328 1436 433 1487 quod
459 1449 503 1473 re
521 1436 653 1473 'eratur
679 1436 726 1472 ad
753 1436 970 1476 Victoriam
1006 1437 1197 1487 conjecit,
1224 1436 1340 1481 mihi,
1368 1436 1578 1474 dummodo
1599 1435 1740 1473 mulier
1766 1436 1838 1481 sit,
1867 1442 1906 1472 ct
1922 1435 2018 1473 haec
2031 1435 2263 1485 Amphitrite

207 1486 282 1523 crit
306 1494 473 1535 propter
511 1486 735 1534 delphinos,
769 1487 836 1536 qui
862 1486 948 1533 ejus
983 1488 1134 1535 nuptias
1171 1486 1455 1523 administrasse
1491 1487 1684 1525 dicuntur.
1715 1485 1764 1521 de
1785 1486 1882 1534 orig.
1913 1487 2000 1524 Tar,
2033 1499 2119 1536 pag.
2149 1487 2263 1536 l5sq.

205 1537 284 1571 Res
315 1535 383 1571 icit
407 1535 455 1571 ad
480 1534 576 1571 hanc
603 1534 769 1571 fabulam
797 1543 912 1585 caput
938 1534 1103 1572 feminae
1129 1536 1387 1573 diadematum
1415 1544 1453 1572 et
1474 1537 1643 1573 velatum
1659 1539 1721 1582 (ut
1737 1534 1948 1571 nubentem
1964 1535 2111 1581 decet),
2138 1535 2262 1572 tribus

205 1548 394 1635 delpliiinis
423 1584 714 1621 circumdatum.
739 1586 912 1621 Mionnet
938 1592 1033 1623 tom.
1055 1587 1084 1624 I.
1109 1599 1148 1635 p.
1175 1586 1249 1622 136
1290 1586 1376 1624 137.
1406 1585 1456 1625 cf.
1485 1587 1658 1622 (Ji-enzer
1683 1584 1853 1633 Symbol.
1879 1590 1972 1622 tom.
2002 1587 2046 1622 ΙΙ.
2064 1599 2101 1635 p.
2121 1585 2263 1622 6⁰7.-

351 1635 559 1671 Postremo
597 1635 686 1670 loco
724 1634 960 1681 notaverim,
1005 1635 1199 1684 Neptunia
1236 1647 1344 1672 sacra
1383 1634 1670 1685 quodammodo
1710 1646 1797 1670 cum
1844 1635 1954 1684 equis
1993 1647 2262 1684 equorumque

204 1684 467 1732 regendorum
493 1684 636 1732 peritia
663 1684 869 1733 conjuncta
896 1696 1003 1730 esse,
1041 1684 1130 1721 vide
1166 1691 1249 1722 not.
1285 1684 1333 1720 ad
1369 1685 1509 1734 Aquin.
1545 1683 1659 1722 delic.
1687 1684 1846 1722 Tarent.
1874 1697 1911 1732 p.
1939 1684 2000 1720 57.
2033 1683 2189 1720 Nitzsch
2214 1684 2261 1720 ad

204 1734 320 1768 Hom.
350 1732 491 1779 Odyss.
520 1732 585 1777 lll,
611 1733 658 1774 5,
685 1732 725 1767 ἱ(1
752 1732 857 1781 quod
884 1745 961 1768 non
986 1733 1105 1768 modo
1132 1736 1345 1768 Tarentum
1372 1733 1440 1768 sed
1468 1733 1584 1768 etiam
1610 1734 1783 1780 Cyrenae
1811 1734 1983 1781 Neptuni
2009 1733 2116 1770 cultu
2147 1739 2260 1782 atque

206 1780 406 1832 equitandi
434 1788 518 1817 arte
542 1779 768 1817 nobilitatae
794 1779 966 1830 probare
1001 1780 1211 1829 videntur,
1251 1790 1495 1832 quapropter
1530 1784 1566 1818 in
1602 1782 1808 1830 utriusque
1843 1780 1952 1818 urbis
1985 1782 2147 1818 nummis
2175 1794 2262 1819 con·

204 1829 424 1880 spiciuntur
450 1830 563 1879 bigae
590 1837 630 1866 et
656 1830 865 1880 quadrigae
892 1830 1064 1873 Boeokh,
1091 1832 1232 1881 explic.
1260 1832 1308 1867 ad
1332 1832 1442 1869 Pind.
1459 1846 1496 1881 p.
1517 1832 1603 1872 268.
1632 1831 1824 1879 Conjicias
1839 1831 1972 1879 igitur,
2000 1839 2260 1882 equestres

204 1880 349 1917 ludos
376 1880 414 1916 in
441 1879 615 1928 Neptuni
640 1880 804 1916 maxime
831 1879 1021 1916 honorem
1048 1892 1133 1917 esse
1161 1881 1394 1920 celebratos.
1446 1884 1556 1930 lpse,
1585 1879 1652 1930 qui
1673 1880 1883 1916 intercedit
1901 1881 2004 1917 inter
2022 1895 2085 1918 res
2101 1881 2260 1917 marinas

205 1937 245 1966 et
272 1942 417 1979 equos,
453 1940 573 1964 nexus
601 1928 750 1965 altioris
778 1936 836 1965 est
861 1929 1070 1977 indaginis,
1106 1943 1220 1979 quam
1247 1930 1314 1980 qui
1339 1930 1416 1967 hoc
1442 1931 1532 1966 loco
1555 1934 1607 1966 ‘ad
1635 1928 1824 1978 liquidum
1862 1929 2030 1978 perduci
2062 1931 2184 1980 possit
2210 1929 2260 1967 cf.

204 1981 378 2015 Creuzer
405 1977 571 2025 Symbol,
611 1984 701 2013 tom.
739 1978 778 2013 ll.
817 1991 858 2026 Ρ.
890 1979 966 2015 598
985 1991 1068 2027 sq.‚
1104 1979 1247 2028 Pegasi
1280 1981 1423 2015 iterum
1456 1979 1693 2015 mentionem
1728 1976 1869 2014 fecisse
1906 1980 1999 2015 satis
2034 1980 2108 2026 sit,
2145 1992 2259 2029 quem

203 2027 328 2064 refert
354 2026 402 2064 ad
429 2025 624 2078 equitandi
650 2033 773 2063 artem
793 2039 814 2063 e
835 2026 952 2077 Libya
978 2026 1016 2063 in
1032 2027 1235 2065 Graeciam
1254 2029 1476 2066 translatam
1494 2027 1726 2065 Thorlacius
1743 2027 1846 2076 apud
1861 2028 1923 2065 Cr.
1934 2034 2029 2069 tom.
2042 2028 2097 2078 lll,
2121 2042 2161 2079 p.
2175 2029 2260 2068 287.

1113 2100 1159 2148 3]
1190 2099 1349 2149 Jupiter.

350 2160 526 2197 Deorum
567 2170 703 2208 regem
736 2171 757 2194 a
793 2159 1013 2198 Tarentinis
1059 2159 1207 2197 cultum
1249 2160 1393 2197 evincit
1435 2160 1607 2198 colossus
1644 2162 1752 2199 Jovis
1789 2161 1829 2197 in
1872 2160 1962 2198 foro
2005 2163 2257 2209 constitutus,

201 2209 362 2295 Lysippi
388 2222 486 2260 opus
511 2208 653 2246 Strabo
682 2215 775 2247 tom.
803 2209 844 2246 ll.
870 2223 907 2259 p.
942 2210 1028 2248 285.
1063 2211 1207 2251 'l'zsch.
1239 2211 1340 2249 Plin.
1377 2212 1551 2257 xxxw,
1587 2213 1638 2248 18
1671 2218 1711 2248 et
1745 2212 1933 2260 templum
1960 2213 2088 2258 Jovis,
2115 2213 2153 2248 in
2180 2225 2257 2262 quo

200 2261 298 2307 Pyrr
329 2273 373 2296 us
399 2261 575 2308 Epirota,
602 2259 709 2295 facto
737 2259 864 2307 primo
900 2261 1198 2296 cuvaomanis
1227 2261 1390 2309 proelio,
1416 2261 1571 2296 titulum
1598 2260 1767 2296 affixisse
1795 2261 1940 2296 dicitur
1969 2260 2087 2297 Oros.
2116 2262 2180 2307 IV,
2207 2264 2256 2306 1..

200 2308 270 2346 sed
322 2310 439 2345 etiam
488 2308 634 2344 nummi
688 2308 727 2344 in
773 2307 1038 2345 testimonium
1073 2308 1280 2346 adhibendi
1325 2316 1435 2357 sunt,
1469 2309 1682 2347 laureatum
1708 2310 1785 2346 Dei
1813 2318 1929 2360 caput
1957 2318 2191 2347 ostentantes
2218 2311 2257 2347 in

199 2365 311 2407 parte
336 2358 521 2403 adversa,
549 2358 713 2407 aquilam
738 2370 856 2405 super
881 2357 1043 2395 fulmine
1069 2360 1109 2394 in
1137 2372 1285 2396 aversa.
1338 2360 1524 2397 Mionnet.
1550 2362 1578 2397 1.
1606 2374 1644 2408 p.
1670 2361 1745 2395 136
1785 2360 1914 2408 Suppl.
1944 2362 1971 2396 l.
1998 2373 2036 2408 p.
2064 2361 2148 2396 275.
2166 2361 2252 2397 293.

199 2409 349 2447 Verum
374 2407 645 2457 frequentiora
670 2405 755 2455 ipso
782 2406 890 2443 Jovis
918 2406 1045 2457 capite
1072 2408 1111 2444 in
1137 2409 1302 2445 nummis
1327 2414 1426 2444 sunt·
1444 2408 1688 2456 symbola,
1725 2408 1851 2458 aquila
1876 2408 2053 2445 Mionnet
2071 2411 2099 2447 1.
2118 2422 2154 2458 p.
2173 2409 2255 2446 143.

200 2457 336 2507 Suppl.
361 2471 400 2507 Ρ.
423 2457 528 2504 290.,
569 2467 667 2507 quae
695 2455 829 2492 eadem
871 2457 1111 2506 conspicitur
1136 2458 1175 2494 in
1202 2457 1366 2494 nummis
1394 2458 1577 2494 Crotonis
1603 2457 1752 2494 Eclzhel
1778 2471 1880 2493 num.
1907 2458 2038 2497 anecd.
2065 2472 2102 2507 p.
2128 2459 2177 2495 42
2197 2471 2213 2494 s
2244 2486 2254 2496 .

197 2507 276 2544 tab.
311 2506 375 2552 lll,
407 2507 458 2543 23
483 2506 738 2550 (adversante
778 2505 946 2541 Miillero
977 2507 1073 2542 Dor.
1109 2507 1135 2544 l.
1170 2520 1209 2555 p.
1244 2508 1360 2552 264),
1400 2506 1540 2542 deinde
1567 2506 1716 2542 fulmen
1744 2506 1916 2542 Mionnet
1942 2507 2078 2556 Suppl.
2104 2520 2140 2556 p.
2165 2472 2253 2546 273.

196 2556 284 2594 277.
307 2556 394 2595 278.
421 2555 508 2593 289.
533 2554 630 2598 292,
677 2555 901 2590 Locrorum
943 2554 1107 2606 insigne.
1139 2555 1316 2592 Boeclih.
1349 2555 1487 2604 explic.
1514 2555 1563 2591 ad
1599 2555 1711 2592 Pind.
1738 2568 1822 2604 pag.
1849 2556 1925 2591 203
1956 2569 2010 2606 sq.
2039 2556 2255 2606 Utrumque

197 2604 300 2641 haud
326 2616 415 2641 raro
443 2603 695 2652 conjungitur
721 2604 829 2639 Jovis
855 2603 1095 2652 symbolum,
1126 2612 1171 2641 ut
1222 2612 1301 2641 atet
1327 2617 1375 2640 ex
1400 2617 1556 2641 nummo
1584 2604 1701 2641 modo
1728 2604 1902 2649 laudato,
1936 2604 1974 2640 in
2001 2617 2077 2655 quo
2102 2603 2258 2643 fulmini

197 2653 338 2691 insistit
376 2653 524 2705 aquila,
564 2651 889 2703 quemadmodum
923 2654 963 2691 in
997 2662 1153 2692 moneta
1219 2655 1501 2692 rotoniensium
1539 2654 1691 2692 Eckhel
1725 2654 1748 2690 l.
1785 2665 1819 2694 c.
1857 2654 1937 2692 tab.
1972 2655 2039 2702 IV,
2064 2656 2100 2694 1.
2127 2656 2163 2692 3.
2194 2657 2256 2703 4.,

195 2749 268 2792 tan
294 2742 385 2785 ἱερὸν
416 2745 540 2794 οἶριημα
561 2742 729 2795 ποζαμοῦ.
772 2745 907 2790 Olymp.
928 2745 983 2785 11..
1000 2757 1024 2789 9
1046 2745 1130 2788 ibiq.
1150 2745 1300 2779 Boecldi.
1366 2748 1392 2785 ⁵)
1416 2745 1715 2796 Adsffriptaefiun?
1737 2744 1872 2777 litterae
1894 2745 1991 2794 Nm,
2014 2744 2054 2777 ad
2075 2745 2252 2779 victoriam

195 2785 344 2836 aliquam
364 2792 587 2837 pertinentes,
609 2793 775 2819 incertum
798 2794 927 2828 autem,
961 2794 1075 2819 utrum
1087 2789 1333 2862 Neoptissmlishan
1347 2789 1450 2821 Taras
1473 2795 1517 2860 s‘rt
1529 2787 2252 2862 fussmmehiaf‘icmggttssdgzssssotefeffi

193 2837 456 2905 ffiippxfflnagp
458 2829 504 2904 t1ld
504 2829 786 2916 pitilnztzngkosgp
797 2831 894 2917 ΡιΙιίιξὶο
913 2841 959 2905 iii
972 2834 1186 2918 affl-suph
1209 2840 1878 2950 10ΡΡ.ιῐὲ9Ξῑ.ιΡῦἆοᾱῖευεωίρίοὲἰξιευὶεῖω
1902 2878 2044 2904 utuntur
2065 2841 2250 2904 Tareniini.
