2468 3070
196 237 360 276 elienses
385 247 525 272 annum
553 245 664 270 suum
690 232 936 282 inceperint,
963 231 1005 269 id
1030 217 1191 283 quidem
1217 231 1408 269 incertum
1432 238 1564 269 manet
1572 243 1585 278 3
1632 237 1680 269 ut
1706 232 1811 271 enim
1833 254 1884 265 —
1909 235 2018 287 quod
2042 234 2264 276 dubitamus

197 286 250 326 cf.
277 286 409 324 ldeler
446 282 661 322 Lehrbuch
702 281 774 319 der
813 281 1003 320 Chronol.
1028 295 1067 332 p.
1094 282 1169 319 168
1195 294 1252 332 sq.
1278 303 1327 311 —-
1350 282 1500 320 vernali
1535 281 1788 333 aequinoctio
1824 284 2101 323 Macedonicus
2140 291 2288 325 annus*

195 337 352 375 initium
375 334 578 379 habuerit,
616 332 766 383 quippe
803 332 843 369 in
869 345 947 383 quo
973 330 1183 381 Apellaeus
1217 344 1343 369 nonus
1378 330 1521 369 mensis
1554 337 1662 379 erat,
1712 332 1843 382 potuit
1866 340 1997 373 tamen
2024 334 2164 373 ordine
2190 348 2264 375 suo

197 386 409 437 Apellaeus
435 382 532 419 alius
559 393 646 418 esse
672 380 779 430 apud
797 381 1028 417 Tarentinos
1056 387 1097 416 et
1115 380 1328 429 Spartanos
1351 383 1412 429 ²¹),
1437 393 1608 431 quorum
1632 393 1752 417 annus
1778 385 1989 421 autumnali
2013 384 2265 436 aequinoctio

199 439 374 483 inceptus
400 438 474 472 est.
525 431 672 468 Miiller
705 430 805 467 Dor.
831 437 926 468 tom.
952 431 997 467 11.
1022 442 1112 480 pag.
1140 429 1228 470 125.
1281 430 1415 478 Alter,
1458 430 1569 481 eujus
1594 429 1636 466 in
1660 428 1792 467 tabula
1816 432 1979 472 Heracl.
2003 434 2150 471 mentio
2175 432 2266 484 inji-

201 484 316 527 citur,
341 481 484 517 mensis
512 486 572 516 est
598 481 794 516 Panemos
830 480 895 516 vel
920 481 1136 523 Panemus,
1177 491 1258 528 quo
1294 492 1479 530 agrorum
1505 478 1790 516 conductorum
1812 481 2039 519 mercedem
2070 482 2148 533 ipsi
2173 494 2267 521 con-

199 533 384 570 ductores
410 529 626 567 solvebant.
678 529 795 566 Hunc
820 528 970 579 pariter
995 527 1214 565 invenimus
1235 527 1340 565 inter
1355 540 1511 566 menses
1521 527 1790 576 Macedonum,
1817 538 2087 580 comparatum
2113 531 2268 569 aSuida

199 593 289 636 cum
313 591 449 616 mense
476 579 580 615 Julio
607 579 875 614 Romanorum
901 591 931 614 s.
959 590 997 615 v.
1030 571 1257 627 Πάνεμοςς
1297 590 1438 616 verum
1464 586 1505 616 et
1528 578 1606 616 hoc
1631 588 1773 614 nomen
1799 576 1849 614 ab
1874 581 1953 617 anti
1981 580 2041 618 uis
2066 579 2267 618 Doriensi-

196 630 269 668 bus
298 629 526 667 translatum
554 633 614 664 est
641 627 689 665 ad
701 626 951 674 Macedones,
976 626 1148 679 ideoque
1173 626 1375 665 inventum
1400 627 1504 687 apud
1520 625 1756 665 Corinthios.
1792 628 1961 664 Demost
1990 655 2001 665 .
2028 641 2105 679 pro
2133 641 2266 667 coron.

195 692 235 728 p.
248 680 337 715 280.
364 680 412 715 R.
441 680 555 725 (tom.
581 678 650 714 IV.
675 691 712 725 p.
742 677 830 714 25⁰.
854 676 1012 724 Bekis).
1036 679 1147 713 Bene
1174 677 1369 723 convenit,
1394 690 1428 713 si
1453 678 1663 715 Panemum
1690 676 1996 714 Tarentinorum
2021 677 2181 716 Suidam
2206 690 2266 717 se·

197 735 313 765 cutus
326 726 431 764 Julio
456 724 581 762 mensi
606 723 858 775 respondisse
886 724 1045 771 dixeris,
1072 724 1256 776 quoniam
1280 736 1361 761 non
1385 724 1502 762 facile
1527 726 1569 761 in
1592 726 1668 762 alio
1695 737 1812 774 quam
1836 726 1877 760 in
1892 725 1983 770 hoc,
2008 726 2114 764 facta
2127 740 2267 773 messe,

196 776 423 814 mercedem
449 775 549 811 solvi
575 786 595 810 a
624 773 937 811 conductoribus
963 774 1085 824 magis
1114 780 1419 810 consentaneum
1445 782 1544 817 erat.
1598 774 1642 811 Si
1704 772 1808 810 aullo
1841 773 2018 812 variabat
2051 775 2138 813 anni
2168 782 2267 814 tem-

196 835 300 876 pore
326 825 482 869 mensis,
515 823 584 873 qui
610 823 716 872 apud
739 822 975 859 Macedones
998 825 1127 867 Lous,
1153 822 1258 870 apud
1282 822 1544 860 Athenienses
1570 823 1656 860 Boii
1686 823 1860 870 romion,
1906 823 2021 872 apud·
2037 824 2267 864 Corinthios

196 878 389 913 Panemus
417 880 500 909 erat
526 871 732 911 Demosth.
761 873 790 910 l.
807 884 857 917 c.‚
884 870 1072 909 effectum
1097 870 1138 906 id
1165 881 1310 907 censeo
1335 871 1444 908 varia
1471 871 1671 921 cyclorum
1699 870 1977 908 chronicorum
2002 879 2120 922 atque
2145 874 2268 910 inter-

199 923 349 962 calandi
374 922 537 957 ratione.
589 923 699 973 Ipsos
725 932 879 956 menses
906 927 947 956 et
973 920 1271 956 Tarentinorum
1300 926 1346 966 ‘et
1370 921 1692 957 Heracleensium
1716 920 1758 956 in
1784 920 1945 958 decadas
1971 919 2094 958 fuisse
2121 921 2267 960 divisos

199 973 448 1024 reliquorum
476 970 723 1007 Graecorum
749 968 932 1018 exemplo
959 969 1102 1005 Pollux
1116 970 1155 1015 L,
1179 968 1257 1014 63„
1282 980 1359 1004 non
1385 975 1446 1004 est
1528 969 1581 1005 od
1608 968 1845 1015 dubitemus,
1871 982 2000 1020 neque
2026 981 2115 1018 ego,
2142 970 2185 1006 si
2202 971 2267 1007 cui

199 1023 381 1061 videatur
414 1020 542 1069 prima
574 1019 690 1055 decas
728 1019 859 1054 notari
899 1030 1000 1055 voce
1035 1015 1251 1067 προτερειά
1280 1019 1327 1066 ¹²)
1370 1017 1410 1054 in
1441 982 1525 1055 tihi.1
1546 1017 1703 1055 Heracl.
1727 1030 1767 1066 p.
1793 1018 1880 1058 2⁰7.
1906 1017 2156 1077 repugnabo,
2196 1019 2267 1056 sed

198 1071 333 1108 nescio
361 1082 408 1105 an
433 1069 542 1116 ipsae
567 1066 711 1103 mensis
737 1066 934 1102 Kalendae
961 1067 1127 1116 intelligi
1153 1066 1332 1106 debeant.
1384 1066 1490 1102 Nihil
1521 1074 1685 1115 praeter
1715 1065 1815 1103 haec
1852 1067 1902 1103 de
1940 1081 2029 1104 anm
2063 1068 2266 1105 ordinandi

198 1121 355 1158 ratione
383 1116 485 1167 apud
510 1124 666 1154 veteres
694 1115 929 1152 Tarentinos
956 1115 1160 1165 proditum
1186 1121 1256 1152 est.
1308 1114 1510 1164 Ephorum
1556 1114 1677 1151 fuisse
1708 1127 1899 1152 annorum
1931 1128 2165 1165 eponymum
2191 1116 2265 1154 alio

198 1170 292 1206 loco
321 1166 567 1216 exposuimus
595 1164 645 1203 cf.
672 1164 722 1199 de
748 1164 854 1200 civit.
884 1167 1042 1201 Tarent.
1068 1179 1107 1214 p.
1133 1165 1216 1210 53.‚
1258 1165 1300 1200 in
1326 1163 1488 1213 reliquis
1514 1164 1750 1201 Tarentinus
1783 1177 1877 1202 usus
1902 1177 1983 1203 non
2008 1166 2218 1204 recessisse
2246 1178 2266 1203 a

199 1218 283 1255 ritu
310 1213 507 1255 communi
535 1213 726 1251 Graeciae
750 1212 989 1262 praesertim
1016 1214 1208 1262 Spartano
1239 1212 1514 1249 existimandus
1541 1219 1613 1249 est.

831 1285 1028 1330 Coloniis
1070 1291 1343 1346 propagatae
1387 1286 1637 1346 religiones

349 1362 453 1400 Nihil
481 1362 603 1411 magis
628 1359 840 1410 probatum
867 1366 927 1395 est
951 1359 1143 1396 historiae
1171 1361 1354 1411 antiquae
1373 1359 1569 1407 studiosis,
1595 1373 1710 1410 quam
1735 1361 1897 1398 coloniis
1923 1374 2049 1411 propa
2077 1369 2156 1399 atas
2181 1374 2266 1399 esse

199 1421 381 1454 veterum
407 1411 650 1461 populorum
672 1409 887 1457 religiones
905 1409 972 1455 ¹3),
1000 1409 1098 1445 adeo
1139 1416 1183 1445 ut
1209 1421 1258 1445 ex
1283 1421 1487 1446 sacrorum
1512 1409 1787 1459 conjunctione
1815 1417 1858 1447 et
1884 1410 2044 1447 similitu
2073 1412 2136 1448 ine
2164 1423 2267 1448 com·

197 1463 327 1503 munis
369 1461 481 1511 origo
517 1466 558 1495 et
595 1457 772 1509 gentium
812 1456 980 1494 affinitas
1016 1458 1251 1508 plerumque
1287 1458 1360 1494 nisi
1394 1458 1618 1495 luculenter
1653 1461 1951 1495 commonstrari
1987 1460 2103 1496 unice
2137 1467 2265 1496 tamen

199 1513 365 1551 divinari
400 1518 439 1547 et
474 1508 663 1546 affirmari
694 1515 825 1557 queat.
861 1507 964 1548 Vide
1004 1520 1074 1545 nos
1111 1508 1163 1544 de
1199 1507 1298 1557 orig.
1332 1514 1429 1545 vett.
1466 1509 1625 1548 Tarent.
1658 1521 1697 1558 p.
1723 1508 1787 1545 41.
1812 1508 1919 1546 Becli
1958 1508 2007 1546 de
2042 1509 2143 1561 orig.
2168 1515 2264 1548 vett.

229 1561 337 1613 opul.
364 1572 452 1611 pag.
478 1560 531 1595 IX
550 1570 607 1608 sq.
658 1557 815 1593 Etenim
852 1567 941 1593 cum
976 1569 1130 1594 sacrum
1164 1556 1359 1593 haberent
1393 1557 1535 1593 Graeci
1578 1565 1737 1594 veteres
1773 1559 2014 1607 cognationis
2055 1559 2290 1606 vinculum,-

198 1577 401 1649 iluxerunt
427 1609 520 1644 inde
549 1606 742 1657 quaedam
764 1607 868 1643 inter
894 1606 1058 1643 colonos
1085 1613 1126 1644 et
1150 1606 1395 1656 metropoles
1423 1606 1632 1644 constituta
1663 1606 1757 1643 'ura.
1808 1608 1933 1656 Heyn.
1963 1619 2098 1657 opusc.
2124 1609 2265 1648 tom.l.

200 1674 290 1713 pag.
316 1660 392 1697 325
417 1670 496 1708 sq.,
525 1663 644 1706 atque
671 1656 756 1705 ipsa
782 1656 950 1692 solemni
976 1656 1153 1692 coloniae
1181 1655 1419 1691 deductione
1444 1657 1607 1694 Pausan.
1633 1620 1726 1702 5211,
1752 1657 1789 1702 2,
1813 1656 1850 1693 7.
1876 1658 1998 1705 Heyn,
2024 1659 2052 1694 Ι.
2080 1669 2113 1696 c.
2139 1658 2265 1706 palo

200 1723 282 1746 non
308 1709 435 1745 solum
459 1714 503 1742 ut
530 1707 659 1754 prisca
685 1717 794 1741 sacra
820 1704 1088 1742 retinerentur
1113 1703 1324 1751 effectum,
1361 1703 1431 1741 sed
1460 1704 1570 1741 novis
1595 1705 1700 1742 circa
1726 1716 1833 1741 sacra
1859 1703 2001 1741 fabulis
2027 1706 2142 1755 copia
2167 1707 2268 1742 facta

203 1766 277 1797 est.
328 1756 472 1793 Miiller
506 1754 659 1803 proleg.
688 1753 742 1790 ad‘
771 1753 985 1803 mytholog.
1011 1766 1052 1802 p.
1081 1754 1154 1789 132
1166 1766 1222 1802 sq.
1274 1754 1492 1802 Exspectes
1518 1752 1641 1801 igitur
1668 1759 1709 1789 et
1734 1752 1809 1789 tibi
1833 1753 2101 1802 persuadebis,
2126 1754 2167 1791 in
2194 1756 2265 1791 Ta-

201 1806 356 1845 rentina
393 1804 550 1842 civitate
582 1803 699 1839 etiam
734 1814 880 1839 saera
913 1801 1085 1852 patria
1122 1808 1163 1838 et
1187 1802 1381 1839 Laconica
1408 1808 1449 1837 et
1474 1800 1662 1849 Spartana
1688 1808 1841 1839 servata
1866 1813 1973 1849 esse,
2012 1802 2119 1853 quod
2144 1803 2265 1854 quum

201 1858 242 1893 in
267 1855 510 1904 singulorum
535 1855 716 1889 Deorum
742 1852 852 1887 cultu
878 1851 1186 1900 investigandum
1213 1852 1285 1896 sit,
1320 1858 1403 1888 tum
1430 1850 1514 1899 ipsa
1539 1849 1761 1888 divinorum
1788 1850 2083 1889 simulacrorum
2109 1852 2268 1890 confor-

200 1904 372 1942 matione
388 1901 504 1951 apud
531 1900 765 1937 Tarentinos
793 1900 954 1949 egregie
979 1899 1189 1949 probatur.
1241 1898 1528 1935 Formabantur
1552 1905 1683 1935 autem
1707 1900 1775 1936 Dii
1799 1908 2037 1949 pugnatores
2052 1928 2063 1948 ,
2093 1908 2139 1938 ut
2164 1902 2267 1938 enim

201 1955 254 1992 ait
279 1952 415 1990 Livius
441 1951 604 1996 XXVII,
631 1951 681 1985 16
696 1948 756 1994 ι4),
791 1949 957 1998 ingentis
989 1947 1266 1997 magnitudinis
1301 1948 1369 1984 Dii
1404 1954 1516 1994 sunt,
1567 1960 1639 1985 suo
1677 1948 1844 2005 quisque
1881 1948 2018 1986 habitu
2042 1950 2083 1986 in
2107 1950 2266 1987 modum

200 2001 457 2054 pugnantium
491 1999 674 2044 formati,
713 2009 836 2048 quare
870 1997 1016 2035 Fabius
1052 2004 1273 2047 expugnato
1315 1998 1486 2034 Tarento
1516 2009 1637 2047 quum
1661 1997 1847 2045 vidisset,
1884 1998 1998 2035 nimis
2053 1999 2265 2036 onderosas

202 2065 288 2090 esse
321 2057 465 2087 statuas
501 2049 750 2104 plerasque&
782 2060 897 2097 quam
949 2059 1022 2084 uae
1061 2047 1151 2084 loco
1178 2046 1331 2083 moveri
1362 2053 1525 2095 possent
1559 2046 1707 2092 (Micali
1731 2046 1838 2084 ltalia
1863 2053 1957 2087 tom.
1984 2012 2054 2088 ὓς.
2079 2061 2118 2099 p.
2143 2049 2265 2097 loa),

136 2133 139 2135 .
200 2102 351 2152 majore
378 2099 505 2136 animo
533 2097 686 2147 generis
713 2108 798 2146 ejus
823 2107 919 2146 prae
948 2109 969 2132 a
995 2095 1192 2132 abstinens
1220 2108 1335 2152 quam
1347 2096 1566 2142 Marcellus,
1592 2096 1861 2147 interrogante
1883 2096 2028 2144 scriba,
2054 2097 2150 2148 quid
2178 2098 2265 2135 fieri

203 2151 322 2202 signis
357 2148 503 2192 vellet,
539 2149 650 2184 Deos
686 2146 807 2182 iratos
840 2145 1060 2183 Tarentinis
1097 2144 1269 2195 relinqui
1303 2144 1437 2195 jussit5
1466 2145 1686 2195 prudenter
1718 2157 1835 2194 sane,
1868 2157 1918 2183 ne
1945 2146 2039 2184 abre
2069 2147 2121 2186 tis
2146 2147 2263 2185 sacris

201 2199 418 2239 concitaret
455 2197 601 2233 civium
636 2194 737 2231 odia.
794 2195 911 2232 Bossi
946 2195 1038 2233 hist.
1073 2195 1156 2233 Ital.
1192 2202 1289 2233 tom.
1323 2194 1389 2234 IV.
1421 2207 1465 2243 p.
1499 2195 1585 2234 197.
1635 2195 1720 2231 Jam
1755 2202 1908 2233 constat
1935 2197 2035 2233 Lace
2064 2197 2262 2235 aemonios

199 2252 308 2287 Deos
324 2249 504 2296 Deasque
532 2257 666 2281 omnes
691 2243 883 2281 formasse
908 2244 1030 2281 hastis
1056 2250 1245 2291 armatos,
1270 2243 1284 2279 i
1313 2254 1472 2328 samqfle
1499 2244 1694 2283 Venerem
1719 2251 1904 2281 armatam
1927 2252 2139 2283 veneratos
2164 2258 2264 2293 esse,

256 2297 312 2334 asi
339 2307 472 2332 omnes
493 2293 653 2330 militari
679 2293 827 2330 virtute
851 2293 1021 2343 praediti
1035 2293 1114 2330 Dei
1140 2292 1229 2331 sint.
1257 2293 1290 2329 P
1310 2298 1418 2329 utare
1448 2320 1458 2331 .
1484 2292 1601 2330 instit.
1628 2295 1775 2331 Lacon.
1800 2294 1862 2336 27.
1888 2294 2003 2345 Crag.
2031 2295 2080 2331 de
2105 2295 2261 2345 republ.

236 2345 345 2384 aced.
380 2356 469 2394 pag.
507 2344 612 2389 106„
647 2342 743 2379 nihil
769 2342 891 2392 igitur
918 2342 1066 2381 certius
1098 2341 1307 2388 habemus,
1341 2354 1457 2392 quam
1498 2354 1520 2379 e
1546 2342 1672 2392 patria
1715 2341 1765 2380 ad
1799 2343 1961 2381 colonos
1987 2342 2129 2381 abiisse
2155 2344 2263 2380 illum

199 2408 364 2434 morem.
417 2392 593 2431 Adseivit
618 2391 693 2429 sibi
719 2391 862 2429 deinde
888 2398 1051 2442 praeter
1074 2392 1224 2442 patrios
1247 2392 1356 2428 Deos
1383 2392 1592 2430 Tarentum
1619 2392 1716 2429 alios
1740 2392 1885 2429 multos
1911 2391 2097 2430 colendos
2123 2406 2145 2429 a
2172 2404 2263 2442 gen-

199 2446 305 2484 tibus
322 2442 475 2489 vicinis,
501 2449 671 2491 propter
696 2453 883 2491 agrorum
908 2441 1152 2478 fertilitatem
1177 2448 1218 2478 et
1241 2440 1392 2491 reliqua
1418 2447 1548 2479 terrae
1573 2453 1736 2478 munera
1757 2441 1867 2492 quasi
1885 2442 2026 2493 gratias
2038 2441 2263 2492 persolutu-

199 2494 386 2533 rumDiis
405 2492 550 2529 horum
564 2490 738 2528 omnium
751 2489 990 2529 auctoribus.
1015 2492 1149 2529 Novae
1175 2502 1334 2541 quoque
1359 2489 1571 2541 religiones
1587 2493 1803 2529 Tarentum
1827 2491 1963 2529 allatae
1988 2498 2077 2529 sunt
2101 2504 2124 2528 a
2147 2491 2262 2528 turba

202 2608 245 2647 ²¹)
254 2605 291 2638 Si
297 2604 500 2678 Alpeliaeum
511 2603 669 2635 ultimum
684 2601 764 2634 anni
779 2610 930 2634 mensem
944 2601 1115 2634 decembri
1136 2596 1315 2647 aequalem
1336 2601 1429 2641 dicis,
1450 2601 1604 2635 Romano
1618 2612 1716 2635 more
1726 2601 1929 2635 Tarentinus
1942 2613 2050 2638 annus
2061 2604 2261 2637 constitutum

205 2648 280 2681 fuit.
355 2656 402 2678 on
429 2646 618 2677 abhorrent
639 2642 867 2686 ἄρχαιρσσίαι,
893 2653 958 2676 nec
980 2643 1104 2676 locatio
1126 2655 1286 2688 agrorum
1310 2643 1345 2675 in
1368 2654 1493 2676 annum
1513 2650 1730 2688 sequentem,
1763 2655 1851 2688 quos
1873 2645 1994 2678 eodem
2016 2656 2133 2678 mense
2154 2646 2261 2679 finito-

204 2699 259 2721 res
280 2687 465 2737 commensj
485 2693 573 2720 sunt.
595 2687 681 2721 Tali.
705 2685 843 2719 Heracl.
864 2698 901 2731 p.
925 2688 1000 2728 147.
1021 2697 1072 2730 sq.
1097 2688 1169 2736 ξοδ.
1190 2697 1242 2731 sq.
1294 2687 1337 2727 ²²)
1358 2685 1433 2718 Dici
1454 2691 1580 2761 ἐξίασι,
1604 2687 1807 2743 exponentur
1833 2697 1923 2741 esse-
1934 2687 2082 2721 nominis
2103 2687 2260 2729 adjectivi

205 2731 352 2763 sormam
371 2730 532 2780 Doricam
554 2740 620 2773 pro
642 2730 846 2780 προτεραίᾳ,
890 2734 930 2761 ut
950 2738 970 2761 a
995 2728 1044 2761 ud
1070 2729 1256 2762 Pindarum
1278 2729 1416 2780 plymp.
1451 2767 1470 2779 -
1532 2747 1543 2769 ‚
1565 2738 1627 2774 92.
1646 2729 1796 2762 Boeclih.
1823 2740 1958 2771 αριειαι
1986 2729 2166 2780 legebatur
2218 2741 2259 2763 ro

208 2770 354 2820 dpgqfai.
396 2771 561 2804 Maittair.
584 2772 626 2821 de
650 2772 783 2806 dialect.
804 2784 840 2817 p.
863 2773 935 2807 216.
956 2740 1071 2807 spturz.
1099 2771 1265 2805 Crederes
1285 2777 1401 2816 igitur,
1421 2784 1466 2817 τῃ
1489 2782 1518 2805 π
1691 2771 1896 2804 vei-tendum
1909 2781 1993 2821 ‘esse
2013 2772 2170 2816 pridie.
2189 2741 2260 2807 god

205 2812 634 2895 εεεεεεδεεδδδεε
652 2815 838 2888 εεεεεε
859 2814 1035 2889 εδεεεε
1049 2813 1566 2901 εεεεεεεδεεεεεεεδεδεε
1636 2811 2259 2901 ...effluimus

201 2894 435 2975 ῧῖξξοῗῐίἵξὶιε
455 2896 567 2930 nescio
603 2908 644 2930 an
668 2908 708 2930 ex
729 2867 875 2940 Polybio
896 2903 1069 2932 mutuatus
1090 2898 1134 2932 sit
1154 2910 1231 2932 cum
1253 2899 1436 2934 Plutarcho
1458 2892 1544 2934 Fal).
1565 2908 1617 2933 n.
1637 2909 1713 2943 reg.
1734 2902 1770 2930 et
1789 2896 1946 2943 imperat.
1965 2898 2205 2944 apophthegm.
2226 2900 2257 2934 5.
