2468 3070
1226 88 1272 126 11

207 194 321 234 etiam
355 195 397 233 in
428 194 594 233 nummis
625 193 847 233 Tarentinis
878 193 1026 232 Bacchi
1060 201 1180 246 eaput
1209 193 1364 232 Busche
1388 192 1503 232 lexic.
1530 192 1579 239 V,
1604 193 1640 233 1.
1666 205 1705 243 Ρ.
1726 191 1818 233 524.
1839 193 1938 239 527,
1971 192 2074 245 parit
2149 201 2199 228 ue
2224 189 2266 228 in

208 244 532 285 Heracleensibus
548 244 583 291 ⁸)
610 243 762 283 Eckhel
784 258 891 282 num.
917 243 1053 285 anecd.
1069 257 1117 295 tp.
1141 244 1228 291 87„
1264 251 1305 281 et
1330 242 1489 294 quidem
1515 242 1620 280 illius
1644 241 1793 280 Bacchi
1818 255 1861 280 ca
1890 250 1957 290 ut,
1987 255 2106 294 quem
2159 241 2267 279 icunt

207 297 261 334 ln
275 295 452 332 dicum
483 294 662 333 Mionnet
683 294 712 336 l.
747 308 785 347 p.
812 295 908 340 138,
937 293 1163 340 barbatum,
1196 293 1422 331 redimitum
1447 291 1687 336 diademate,
1722 292 1787 329 cui
1811 256 1961 329 hegen
1986 292 2194 338 intexitur,
2220 296 2266 327 ut

205 351 316 382 recte
350 346 530 395 Begerus
561 344 726 382 monuit.
787 343 956 382 Barbam
988 343 1030 381 in
1054 343 1183 395 capite
1208 341 1358 380 Bacchi
1383 340 1641 380 ostendebant
1666 341 1873 379 simulacra
1899 341 1979 379 Dei
2002 340 2264 379 vetustissima

207 392 393 433 Welcker
423 394 474 433 ad
499 394 693 433 dissertat.
735 395 893 445 Zoe‘gae
917 407 956 445 p.
979 393 1056 432 874
1072 405 1155 445 sq„
1212 400 1254 430 et
1288 391 1462 430 diadema
1498 392 1537 429 ei
1562 397 1789 442 competere
1815 390 2094 430 observaverat
2118 389 2264 427 dudum

204 443 388 481 Lib-nius
413 451 509 481 tom.
536 445 564 484 l.
590 458 631 495 p.
654 445 728 483 351
755 442 938 490 Morem,
971 442 1042 480 ubi
1067 444 1133 481 sic·
1148 442 1286 480 habet:
1313 437 1500 485 διάδετος
1524 445 1701 484 ταινίαις
1728 440 1796 480 καὶ
1821 447 1909 485 τοῖς
1934 434 2160 492 στεφάνοις
2187 435 2263 483 τοῖς

203 486 338 543 κόμας
350 494 398 542 ⁹).
437 493 587 531 Eckhel
622 494 647 530 l.
673 506 710 534 c.
746 507 787 544 p.
815 494 877 531 85.
910 492 991 530 tab.
1023 492 1088 540 lll,
1120 494 1181 532 lo.
1236 493 1446 529 Praeclare
1480 504 1566 528 rem
1591 491 1824 529 confirmant
1849 491 1965 538 Naxi,
2010 501 2110 542 quae
2137 495 2199 527 est
2224 489 2264 524 in

203 542 357 589 Sicilia,
382 542 548 589 nummi,
583 543 623 579 in
655 542 797 594 quibus
831 541 963 580 videas
997 549 1113 593 caput
1139 542 1375 579 simillimum
1401 548 1560 587 nostro,
1599 554 1677 578 non
1709 540 1829 577 modo
1856 547 2034 591 spectato
2059 540 2168 576 cultu
2193 537 2266 575 sed

205 591 321 629 etiam
354 591 618 640 lineamentis,
652 600 691 629 at
720 604 769 629 ue
804 591 903 628 hanc
937 599 1089 629 constat
1121 591 1275 629 Siciliae
1307 590 1457 641 urbem·
1474 603 1568 641 prae
1592 590 1724 627 multis
1750 589 1907 627 Baccho
1935 588 2056 626 fuisse
2083 588 2267 644 devotam

202 639 355 679 Eclthel
379 641 427 681 D.
456 643 504 679 N.
531 641 556 680 l.
582 655 621 692 Ρ.
648 605 732 679 ng.
760 654 864 678 num.
890 640 1023 682 anecd.
1048 654 1087 692 p.
1113 641 1164 679 47
1184 653 1242 692 sq.
1293 642 1333 678 ln
1360 640 1576 677 Tarentinis
1602 639 1766 677 nummis
1794 639 2076 676 creberrimum
2101 644 2162 675 est
2186 638 2266 674 Dei

202 689 419 739 symbolum
445 690 570 737 diota,
608 691 777 741 positum
812 691 850 727 in
882 690 1059 728 manibus
1084 692 1261 728 Tarantis
1287 690 1443 735 herois,
1478 689 1527 727 ad
1551 688 1808 726 Bacchanalia
1833 696 2012 739 spectans
2037 688 2218 725 Mionnet
2237 685 2265 725 l.

231 767 242 779 .
271 740 347 778 14⁰
367 753 427 792 sq.
455 740 589 791 Suppl.
616 754 654 790 p.
684 741 857 791 282sq.,
893 739 999 792 quod
1030 736 1146 778 etiam
1182 740 1308 778 solum
1341 739 1582 789 conspicitur
1613 739 1802 778 Mionnet.
1828 738 1855 778 l.
1882 752 1923 788 Ρ.
1950 739 2037 778 187.
2062 737 2198 788 Suppl.
2227 748 2265 786 Ρ.

201 753 291 828 ξ79.
315 790 429 836 286.,
456 797 497 826 et
523 789 667 839 duplex
692 789 732 825 in
757 801 837 826 uno
864 801 1022 826 nummo
1048 789 1147 829 ibid.
1173 803 1212 846 p.
1240 790 1327 827 275.
1358 789 1445 824 291.
1497 788 1537 823 ln
1563 789 1745 826 Crotonis
1771 786 1933 837 quidem
1957 786 2121 824 nummis
2158 786 2266 822 diota

206 837 311 890 juxta
335 838 536 890 tripodem
561 844 643 885 est,
681 845 724 875 ut
757 851 802 876 ea
838 839 933 876 nihil
967 838 1040 875 nisi
1073 837 1281 876 libationes
1317 835 1574 887 significatum
1610 849 1694 874 esse
1721 837 1837 878 dicas.
1892 837 2068 874 Creuzer
2091 833 2264 884 Symbol.

205 895 301 928 tom.
339 889 384 928 ll.
421 903 460 939 p.
487 890 576 928 2⁰⁰.
637 889 820 925 Pertinet
846 889 1013 940 denique
1039 888 1087 924 ad
1112 887 1259 925 Bacchi
1285 899 1394 926 sacra
1420 894 1539 936 caput
1562 887 1690 935 Satyri
1717 888 1756 924 in
1782 899 1940 923 nummo
1966 886 2139 923 Mionnet
2165 885 2193 924 l.
2222 897 2264 935 Ρ.

206 938 279 976 143
305 946 346 976 et
370 946 496 976 statua
521 938 561 974 in
588 937 684 975 aede
712 939 854 979 Vestae
880 939 960 976 Cic.
983 937 1144 979 Verrin.
1170 937 1236 983 lv,
1261 940 1347 984 60„
1381 950 1467 973 nam
1493 936 1622 986 Satyri
1648 938 1751 974 inter
1776 930 1985 976 Διονύσου
2024 929 2263 987 προπόλους

205 995 308 1028 sunt.
359 988 502 1024 Strabo
540 989 588 1025 X.
625 1001 664 1038 Ρ.
699 989 778 1025 468
800 988 951 1032 cas.¹⁰)
983 989 1044 1024 De
1079 987 1232 1033 Marte,
1266 988 1470 1033 Vulcano,
1507 987 1706 1023 Mercurio
1741 1000 1762 1023 a
1800 986 2021 1024 Tarentinis
2057 986 2162 1023 culto
2186 998 2265 1022 non

204 1045 294 1075 sunt
318 1045 427 1075 certa
454 1037 640 1086 vestigia,
665 1037 790 1087 possis
817 1038 862 1075 ad
891 1037 1110 1078 Vulcanum
1135 1037 1287 1075 referre
1317 1029 1774 1088 λαμπαδηφοριάς
1800 1036 1892 1076 vide
1917 1048 2055 1087 supra,
2081 1035 2128 1072 ad
2154 1036 2264 1072 Mer—

204 1087 370 1133 curium,
397 1100 514 1137 quem
533 1082 782 1137 παιὸοκόρον
804 1087 1060 1124 venerabatur
1084 1085 1288 1123 finitimum
1314 1088 1534 1125 Tarentinis
1546 1089 1811 1138 Metapontum
1822 1085 1995 1137 Hesych.
2009 1080 2265 1136 unctioneque,

207 1135 344 1186 cippos
369 1148 443 1187 pro
469 1134 622 1174 foribus
649 1143 835 1182 statutos,
862 1136 933 1174 sed
958 1136 1050 1175 nolo
1074 1136 1114 1173 in
1138 1135 1198 1173 his
1224 1135 1423 1178 hariolari.

1110 1207 1157 1255 ὅ)
1182 1206 1373 1247 Minerva.

354 1276 574 1315 Minervam
599 1277 715 1315 liceat
740 1278 840 1315 inter
864 1279 969 1316 Deas
995 1278 1224 1315 Tarentinas
1260 1277 1393 1315 facere
1419 1277 1660 1328 principem,
1698 1277 1844 1328 quippe
1877 1276 2063 1314 Salentini
2087 1274 2264 1314 foederis

207 1324 447 1374 praesidem,
482 1326 519 1361 in
554 1339 632 1376 quo
660 1328 872 1363 Tarentum
896 1326 1038 1377 primas
1075 1334 1206 1375 partes
1234 1326 1447 1363 obtinuisse
1481 1327 1557 1363 alio
1594 1328 1684 1363 loco
1712 1327 1782 1370 (de
1809 1326 1916 1364 civit.
1944 1328 2100 1365 Tarent.
2126 1339 2166 1375 p.
2194 1326 2266 1370 47)

204 1375 527 1461 p=1ipptis4i÷imufflS
547 1375 811 1463 (jorllspieitziz'r2
832 1383 957 1461 caput1
974 1374 1142 1461 Palladiis
1174 1375 1231 1462 tiint
1256 1375 1420 1462 nummi&
1448 1375 1670 1449 Tarentinis
1709 1374 1935 1461 saepissime
1961 1376 2137 1460 Mi⁰¹¹t¹¹et
2164 1376 2260 1460 [ἐξ.

206 1437 476 1511 beffMiong‘ng
501 1438 610 1524 Lng
622 1438 707 1513 iai).
734 1437 1023 1525 superqlbqeatiu
1042 1437 1229 1522 Γέῗηῖηίῗ)
1253 1438 1348 1512 Iibid
1370 1438 1547 1525 api-(ligi
1569 1437 2263 1525 ῗὲξῗ8ἒυΙΡῙῗΙῙ.ιιὲ->ἶἹΞᾶ)ῗοὲυῗᾶῗυΡεν

205 1532 346 1558 cancro
379 1525 426 1567 ¹²)
453 1524 625 1561 Mionnet
653 1526 680 1564 1.
712 1537 751 1575 p.
780 1525 876 1571 138,
912 1532 978 1561 aut
1005 1525 1208 1561 columnae
1235 1525 1406 1575 capitulo
1434 1525 1548 1571 ibid„
1578 1532 1644 1562 aut
1670 1537 1792 1575 super
1817 1524 1980 1560 fulmine
2007 1524 2098 1560 ibid.
2125 1524 2266 1574 Suppl.

206 1583 241 1621 p.
268 1573 354 1611 2802
406 1572 601 1627 Quoniam
626 1582 757 1612 autem
780 1574 907 1611 Pallas
934 1574 1025 1612 dea
1058 1574 1318 1612 bellatrix
1344 1582 1450 1622 erat,
1477 1574 1565 1612 fieri
1590 1589 1667 1614 non
1692 1574 1836 1626 potuit,
1863 1574 1957 1625 quin
1983 1573 2087 1624 apud
2113 1575 2266 1612 Taren-

205 1620 304 1657 tinos
331 1622 544 1659 secundum
570 1636 721 1660 morem
748 1625 919 1673 patrium
946 1626 1030 1661 Dea
1054 1623 1246 1660 bellicoso
1273 1623 1421 1672 habitu,
1446 1625 1599 1676 qualem
1624 1626 1700 1674 jam
1726 1625 1835 1661 novit
1859 1626 2055 1661 Homerus
2081 1624 2219 1671 odyss.
2236 1626 2264 1663 1.

201 1671 350 1721 99sq.,
372 1684 480 1714 ,non
517 1672 653 1710 statuis
688 1673 813 1711 solum
848 1672 1085 1723 fingeretur,
1127 1673 1197 1710 sed
1232 1674 1271 1710 in
1308 1675 1472 1711 nummis
1508 1686 1667 1732 quoque
1705 1673 1929 1713 cuderetur.
1989 1674 2047 1711 Ac
2083 1672 2263 1723 profecto

204 1721 379 1757 occurrit
420 1729 543 1771 caput,
569 1723 733 1759 Palladis
774 1723 967 1772 galeatum
1000 1723 1151 1759 Eckhel
1176 1724 1228 1762 D.
1255 1726 1301 1763 N.
1331 1726 1355 1760 l.
1384 1737 1423 1773 Ρ.
1450 1725 1535 1760 118.
1564 1726 1738 1760 Mionnet
1773 1723 1826 1759 Su
1857 1724 1913 1773 pl.
1937 1724 1968 1762 1.
1996 1736 2036 1772 p.
2060 1724 2146 1762 aeo.
2172 1724 2260 1760 292.

205 1775 286 1806 tum
311 1769 350 1807 in
375 1771 676 1808 Tarentinorum
700 1779 785 1809 tum
814 1772 855 1808 in
881 1772 1200 1809 Heracleensium
1226 1773 1390 1810 nummis
1416 1772 1567 1810 Eckhel
1592 1786 1695 1813 num.
1721 1784 1816 1810 aneo
1847 1802 1857 1813 .
1915 1799 1925 1809 .
1950 1773 2002 1810 36
2018 1785 2088 1823 sq.,
2114 1773 2181 1823 qui
2207 1772 2263 1809 ci·

207 1819 332 1855 vitatis
358 1827 517 1856 nostrae
556 1821 687 1857 coloni
714 1822 861 1857 cultum
886 1822 1057 1869 patrium
1083 1821 1212 1857 Siride
1238 1823 1557 1860 instauraverant.
1608 1822 1808 1859 interdurn
1842 1785 1952 1872 galea
1979 1830 2140 1859 ornatur
2168 1822 2263 1858 Tri-

205 1875 298 1905 tone
325 1868 373 1913 13)
400 1869 576 1906 Mionnet
601 1870 628 1909 Ι.
655 1883 694 1919 Ρ.
719 1871 806 1908 138.
835 1869 977 1920 suppl.
1006 1883 1045 1921 Ρ.
1073 1871 1160 1916 280,
1189 1870 1228 1907 in
1255 1871 1330 1908 alio
1356 1884 1512 1908 nummo
1539 1871 1783 1922 conspicitur
1808 1872 1894 1908 Dea
1920 1871 2168 1922 pugnantium
2193 1869 2262 1908 ha-

206 1917 289 1954 bitu
309 1918 501 1964 Mionnet.
530 1921 555 1955 1.
582 1932 622 1968 p.
649 1922 743 1967 149,
784 1918 932 1957 vibrata
957 1920 1085 1968 hasta,
1123 1920 1274 1957 sublata
1299 1921 1449 1971 aegide.
1485 1921 1636 1970 suppl.
1664 1935 1703 1971 Ρ.
1734 1921 1821 1958 275.
1873 1921 1949 1957 Hic
1977 1928 2036 1958 est
2061 1921 2126 1957 ille
2152 1919 2260 1958 habi-

205 1974 290 2013 tus,
317 1980 395 2018 quo
421 1969 529 2005 Deos
555 1981 647 2005 suos
673 1969 853 2019 Spartani
878 1967 1027 2019 fingere
1053 1970 1251 2017 solebant,
1278 1979 1394 2022 atque
1420 1970 1536 2020 hujus
1561 1972 1671 2008 Deae
1699 1970 1771 2007 sub
1798 1970 1981 2021 auspiciis
2005 1971 2141 2020 Sparta
2165 1982 2263 2020 pro-

139 2033 142 2037 ·
203 2015 300 2054 fecti
327 2029 412 2053 esse
439 2017 622 2055 videntur
648 2020 781 2055 coloni
807 2019 1019 2057 Tarentini.
1070 2020 1257 2057 Feliciter
1288 2029 1540 2057 excrescente
1566 2020 1781 2071 republica,
1820 2027 1911 2071 post
1939 2020 2039 2056 bene
2065 2027 2261 2069 peractam

201 2066 482 2116 navigationem
507 2069 670 2117 Spartae
698 2068 844 2105 numini
870 2069 1157 2106 constituerunt
1182 2069 1429 2107 simulacrum
1455 2069 1559 2106 haud
1584 2071 1726 2120 procul
1753 2084 1773 2107 a
1798 2070 1889 2108 luco
1917 2069 2088 2120 Neptuni
2116 2072 2262 2107 Taena-

203 2115 252 2151 rii
276 2117 437 2155 Pausan.
465 2118 543 2161 lll.,
571 2118 632 2163 12,
660 2118 716 2163 5.,
760 2125 844 2155 erat
869 2118 990 2168 igitur
1013 2119 1188 2155 Minerva
1214 2120 1431 2156 Tarentinis
1457 2118 1543 2158 θεοὶ
1568 2116 1759 2171 πατρωά,
1793 2134 1885 2158 mox
1909 2119 2014 2156 facta
2038 2120 2262 2169 amplissimi

205 2163 376 2202 foederis
403 2165 441 2202 in
459 2167 564 2203 ltalia
589 2166 782 2205 inferiore
806 2180 979 2217 praeses,
1007 2168 1112 2224 Quin
1140 2168 1249 2205 adest
1274 2168 1387 2206 nobis
1415 2170 1488 2206 etsi
1514 2182 1592 2206 non
1620 2162 1846 2220 exploratae
1871 2168 1966 2205 fidei
1984 2169 2262 2216 testimonium,

203 2215 311 2299 guod
336 2215 502 2252 eundem
530 2223 569 2252 et
595 2217 759 2266 Spartae
786 2225 826 2254 et
855 2217 1016 2254 Tarenti
1040 2217 1162 2254 fuisse
1190 2220 1385 2255 Minervae
1413 2219 1560 2255 cultum
1585 2227 1626 2256 te
1653 2221 1787 2269 jubeat
1812 2219 1993 2265 credere,
2030 2218 2262 2267 scripturam

230 2264 292 2301 ico
321 2264 361 2300 in
398 2278 556 2302 nummo
583 2267 837 2303 Heracleensi
863 2266 1007 2306 ΑΘΗ.
1036 2267 1224 2308 ΧΑΛΚ.
1249 2268 1360 2318 juxta
1384 2268 1550 2305 Palladis
1577 2277 1712 2318 caput;
1756 2281 1858 2319 quae
1885 2268 2062 2314 litterae,
2095 2268 2128 2303 si
2165 2267 2261 2317 quid

205 2312 335 2361 vitice,
358 2312 558 2365 Ἀθηνᾶν
586 2315 898 2368 χαλκίοικον
928 2318 976 2366 ²4)
1003 2318 1285 2369 Spartanorum
1310 2317 1415 2355 haud
1440 2317 1557 2356 dubie
1584 2319 1783 2366 denotant,
1810 2331 1832 2355 a
1849 2317 2070 2355 Tarentinis
2095 2315 2144 2353 ad
2168 2318 2258 2355 He-

202 2403 266 2455 liae
288 2404 506 2451 Siciliaeque,
535 2407 570 2439 in
598 2408 722 2451 quibus
751 2408 840 2441 tauri
868 2408 980 2454 imago
1010 2419 1167 2455 expressa
1195 2417 1246 2444 est
1267 2422 1345 2443 cum
1366 2410 1499 2443 barbati
1520 2398 1667 2443 hominis
1689 2410 1818 2454 capite,
1845 2408 2020 2454 pertinere
2041 2409 2084 2442 ad
2102 2419 2157 2441 res
2179 2409 2261 2442 Bae-

201 2447 323 2481 clncas.
367 2449 394 2487 ⁸)
409 2449 577 2483 Bacchum
606 2451 792 2484 Heracleae
814 2452 942 2485 cultum
964 2463 1038 2485 esse
1059 2452 1198 2486 tabulae
1220 2454 1353 2487 docent.
1400 2453 1493 2487 Miro
1514 2453 1616 2487 modo
1642 2454 1781 2497 exponit
1803 2452 1846 2486 de
1872 2452 2072 2497 quibusdam
2093 2451 2261 2486 libationi—

200 2489 266 2522 bus
287 2491 424 2540 Baccho·
442 2493 540 2524 factis
562 2494 732 2537 interpres
755 2495 798 2526 ad
818 2495 1066 2539 Aquin.,delic.
1086 2496 1223 2530 Tar-ent.
1242 2508 1319 2538 pag.
1341 2499 1384 2529 80
1398 2507 1449 2539 sq.
1514 2498 1540 2537 ⁹)
1564 2495 1722 2530 Διόνυσος
1743 2493 1967 2537 δενδροφόροσ
1995 2495 2204 2538 conspicitur
2225 2496 2262 2527 in

200 2541 347 2565 numm1s
379 2533 704 2578 Metapontinorum.
735 2536 886 2568 Creuzer
911 2536 1049 2580 Dionys.
1070 2548 1105 2581 p.
1128 2539 1202 2573 246.
1251 2541 1293 2578 ¹⁰)
1320 2538 1443 2570 Nescio
1465 2549 1508 2570 an
1535 2539 1578 2570 ad
1601 2538 1772 2570 Bacchum
1793 2538 1964 2569 referatur
1984 2537 2036 2568 vir
2057 2537 2169 2568 nudus
2193 2537 2262 2570 del-

224 2574 305 2607 bino
344 2575 493 2608 insidens
527 2577 659 2610 Rnsche
702 2579 800 2613 lexic.
828 2580 873 2618 V,
912 2585 941 2615 1.
962 2591 998 2623 Ρ.
1025 2581 1105 2620 518,
1148 2591 1289 2625 caprum
1324 2586 1461 2621 tenens,
1503 2580 1598 2625 quod
1632 2581 1753 2613 animal
1789 2579 1923 2612 Baccho
1959 2578 2124 2611 immolari
2160 2580 2259 2613 solet.

249 2626 352 2649 euzer
380 2617 532 2660 Symbol.
561 2620 613 2654 lll.
641 2631 677 2663 p.
708 2626 780 2657 102.
806 2621 947 2653 Femina
974 2623 1106 2655 Baccha
1134 2622 1172 2654 in
1194 2623 1340 2655 nummis
1362 2623 1553 2654 Tarentinis
1574 2633 1644 2654 non
1666 2623 1747 2655 satis
1768 2622 1898 2665 liquide
1920 2621 2131 2665 agnoscitur,
2153 2622 2259 2665 possit

223 2670 266 2692 ro
286 2660 344 2692 tali
365 2660 485 2693 baberi
506 2669 608 2707 caput
629 2663 798 2696 muliebre
818 2663 1017 2705 adversum,
1038 2665 1145 2709 passis
1164 2666 1328 2705 crinibus,
1350 2665 1540 2698 diademate
1561 2665 1729 2709 fastigiato
1752 2664 1787 2695 in
1809 2674 1949 2696 nummo
1970 2662 2108 2713 Hyriae.
2130 2664 2257 2696 Eckhel

217 2703 245 2735 ).
266 2702 309 2737 Ν.
332 2703 354 2734 1·
400 2726 411 2737 .
435 2704 493 2739 141
508 2715 560 2749 sq.
625 2709 668 2747 11)
689 2707 799 2739 Pallas
820 2706 911 2738 enim
933 2707 1085 2739 olearum
1107 2708 1258 2741 antistes.
1308 2709 1413 2752 Atqui
1442 2708 1555 2739 oleum
1583 2707 1807 2739 Tarentinum
1834 2718 1905 2739 non
1927 2712 2025 2738 cessit
2047 2706 2256 2740 Venafrano.

200 2715 406 2796 llo-rat303.
428 2746 479 2785 ΙΙ,
499 2744 542 2785 6,
567 2751 619 2784 15.
665 2752 708 2791 ¹²)
729 2749 839 2781 Possit
860 2759 902 2781 eo
924 2749 1105 2792 significari
1126 2750 1236 2783 Pallas
1259 2750 1371 2795 aliqua
1392 2749 1521 2781 marina
1542 2750 1615 2781 Dea
1637 2750 1682 2783 cf,
1704 2749 1849 2783 Pausan.
1874 2748 1976 2787 vlu,
2000 2750 2052 2788 14,
2072 2749 2111 2789 4,
2133 2748 2256 2782 scilicet

188 2783 361 2831 Tritonia.
382 2790 511 2822 Miiller
532 2790 694 2826 Orchom.
717 2804 752 2835 Ρ.
776 2796 852 2828 355.
883 2809 922 2816 -
949 2793 1083 2825 Noctua
1112 2794 1210 2826 etiam
1233 2794 1305 2827 sola
1325 2792 1510 2836 reperitur.
1536 2792 1695 2826 Mionnet
1717 2793 1745 2827 Ι.
1767 2805 1803 2836 Ρ.
1827 2796 1901 2827 138.
1929 2791 2003 2827 147.
2025 2791 2148 2836 suppl,
2170 2791 2199 2824 1.
2221 2802 2257 2835 Ρ.

198 2829 274 2862 2⁷5.
297 2833 373 2864 280.
417 2834 460 2873 ²³)
483 2833 534 2864 De
555 2833 697 2865 Tritone
725 2834 801 2865 vide
823 2835 925 2866 Voss.
948 2834 1084 2878 epistol.
1105 2837 1246 2879 mythol.
1269 2836 1315 2868 ΙΙ.
1344 2845 1381 2884 Ρ.
1400 2837 1461 2869 189
1472 2846 1539 2878 sq.,
1566 2835 1609 2867 de
1631 2846 1721 2867 nexu
1744 2835 1888 2866 Palladis
1909 2845 1987 2867 cum
2007 2835 2147 2865 Tritone
2168 2832 2256 2865 Miil·

198 2868 252 2903 let
271 2870 434 2908 Orchom.
456 2875 481 2909 l.
510 2886 539 2908 c.
583 2876 625 2916 ¹⁴)
646 2876 800 2908 Minerva
823 2875 912 2909 dicta
931 2876 1128 2918 χαλκίοικος,
1149 2878 1244 2922 quod
1265 2887 1378 2910 aeneis
1406 2877 1441 2909 in
1463 2878 1604 2911 aedibus
1626 2877 1803 2910 habitabat
1823 2877 1968 2910 Pausan.
1991 2876 2048 2914 ΙΙΙ,
2070 2879 2127 2914 17,
2149 2878 2184 2910 3.
2215 2875 2255 2915 Χ,

196 2920 228 2957 5,
250 2919 285 2951 Ξ.
305 2915 410 2947 eom.
433 2917 519 2958 Nep.
541 2919 684 2950 Pausan.
707 2919 753 2958 V,
774 2923 807 2953 2.
836 2919 985 2951 Creuzer
1006 2920 1164 2962 Symbol.
1189 2921 1234 2953 11.
1256 2932 1292 2963 p.
1314 2923 1377 2954 776
1387 2931 1440 2962 sq.
1462 2920 1612 2953 Proinde
1633 2921 1707 2951 Dea
1728 2920 1919 2997 appgllptur
1942 2916 2008 2951 θεαὶ
2032 2916 2254 2956 χαλιὸπιλος.
