2468 3070
1188 18 1191 20 ’
1224 39 1251 75 s

190 147 386 197 adscripta
412 157 513 185 esse.
563 144 707 195 Apollo
733 144 996 193 Hyacinthus,
1032 144 1142 202 quasi
1176 144 1328 194 species
1362 143 1564 194 Apollinei
1597 147 1796 196 numinis,
1828 149 1986 187 omnino
2008 151 2183 200 pertinet
2209 149 2258 189 ad

188 196 400 247 lugubrem
424 201 674 232 mortuorum
697 193 951 244 religionem,
992 205 1103 244 quus
1137 194 1253 244 plura
1287 192 1391 243 apud
1418 193 1657 232 Tarentinos
1690 197 1870 256 exempla
1894 205 2008 246 sunt,
2033 201 2139 239 unde
2163 213 2258 252 pro-

189 246 321 284 fectos
348 245 465 283 etiam
492 242 612 281 credo
639 250 845 293 equestres
883 243 998 280 ludos
1023 243 1133 281 velut.
1169 243 1413 294 ἐπιταφίους
1449 242 1479 281 α’
1504 243 1636 289 evag,
1671 252 1785 284 certe
1811 260 1852 284 in
1876 260 2080 285 numerum
2115 249 2258 288 horum

188 294 395 355 referendi
419 301 507 331 sunt
532 299 696 342 praeter
720 292 805 342 ipsa
829 292 1061 342 Hyacinthia
1086 292 1170 330 ludi
1195 292 1435 351 antiquiores
1448 293 1627 351 pprimi,
1654 296 1723 345 qui
1746 296 1983 335 solemnibus
1995 298 2257 348 parentalibus

192 342 631 442 ἓῗὲἐὲῗῑῗυέθῖἶῗῇἓὲ
657 342 1388 443 32322222251293215133223535.
1406 342 2257 448 ἶῐῗὲἓ“;.ᾱῖ.’ῑ.ὲῑ”ῧὲἒξ,ῗὲ.8ἕὲἚιΡιῖἛῖ

192 447 277 484 278.
302 444 385 481 sive
412 407 506 480 solis
532 430 753 491 effigies*in
789 441 954 477 nummis
980 441 1136 479 Rasche
1172 442 1286 479 lexic.
1311 442 1340 481 l.
1367 453 1402 481 c.
1429 455 1469 491 p.
1493 442 1581 479 515.
1646 443 1844 493 Equidem
1870 457 1958 482 cum
1983 445 2033 482 de
2049 411 2155 495 Iipsis
2180 447 2257 484 illis

191 493 355 531 nummis
382 492 479 529 mihi
505 503 585 527 non
609 490 703 527 satis
729 492 901 537 constet‘,
939 489 1121 528 intactam
1155 498 1272 542 atque
1306 491 1497 541 integram
1519 491 1629 529 ianalo
1652 503 1739 528 rem
1763 492 1990 545 relinquere
2025 508 2139 546 quam
2164 507 2257 533 con-

190 545 362 592 jecturas
388 551 632 592 proponere.

339 589 535 641 Apollinis
572 588 840 626 vaticinatoris
873 588 1043 635 cultum,
1082 601 1200 640 quem
1239 588 1455 627 obtinuisse
1493 589 1534 626 in
1566 589 1745 640 pluribus
1781 590 2006 630 civitatibus
2043 593 2255 631 Tarentino

187 642 285 678 mari
311 639 501 689 proximis
526 636 642 674 modo
670 636 978 673 demonstratum
1004 644 1085 682 est,
1114 639 1274 688 egregie
1302 637 1507 675 confirmat
1531 639 1672 688 populi
1696 640 1737 675 in
1762 641 2023 677 oraculum
2048 641 2257 691 Delphi-

189 702 298 727 cum
323 689 465 739 pietas.
501 687 567 724 Sic
588 685 697 723 enim
723 686 866 722 Strabo
893 686 962 728 lx.
987 687 1119 737 p.420
1144 688 1256 727 Cas.:
1282 683 1458 738 ὕστερον
1485 684 1530 726 δὲ
1553 687 1623 727 καὶ
1651 689 1691 728 οἱ
1713 681 1999 741 πόρ’ῥωθεν
2023 688 2252 734 α’φικνοῦν·

187 754 237 779 το
265 739 464 788 (Delphos
490 735 688 796 intellige)
713 733 783 773 καὶ
808 736 990 787 ἐχρῶντο
1018 737 1077 788 τῷ
1101 736 1311 789 μαντείῳ,
1347 738 1415 776 καὶ
1454 737 1647 789 ἔπεμπον
1683 736 1792 789 δῶρα
1817 737 1885 776 καὶ
1910 735 2152 790 θησαυρούς
2178 753 2255 779 κα-

188 782 453 834 τεσκεύαζον,
479 787 675 835 καθαπερ
710 784 910 837 Κροῖσος,
950 784 1021 825 καὶ
1049 781 1073 826 o‘
1100 784 1237 838 πατήρ
1269 782 1524 841 Ἀλυάττης,
1560 788 1629 828 καὶ
1663 781 1983 828 Ἰταλιωτῶν
2019 788 2155 837 τινές,
2188 789 2256 828 καὶ

192 836 367 881 Σικελοί.
443 834 563 891 Quod
596 834 758 885 quidem
794 836 999 872 verissime
1035 836 1183 873 dictum
1217 845 1277 874 est
1313 837 1362 873 de
1398 838 1673 888 Metapontinis
1708 837 1901 887 Apollinis
1936 837 2128 888 religione
2162 850 2255 889 prae

190 889 339 929 ceteris
366 884 588 934 conspicuis
614 884 766 925 Herod.
793 884 858 930 lv,
883 885 945 922 15.
969 885 1169 923 Plutarch.
1198 885 1247 923 de
1272 885 1384 935 Pyth.
1412 899 1519 926 orac.
1551 889 1588 925 8.
1613 888 1745 924 Ritter
1768 885 1957 927 Vorhalle
1980 898 2070 937 pag.
2091 888 2167 925 277
2181 901 2255 938 sq.,

188 939 332 991 quibus
383 934 550 973 amicitia
599 933 876 970 intercedebat
927 945 1016 970 cum
1054 935 1320 972 Crissensibus
1372 936 1521 973 oraculi
1563 936 1751 986 Delphici
1802 935 2028 972 custodibus
2056 936 2102 981 ³).
2151 937 2254 975 Plut.

186 990 216 1029 l.
244 1000 279 1025 c.
304 984 608 1022 Tarentinorum
655 983 697 1019 in
738 982 937 1019 oraculum
971 982 1160 1031 pietatem
1204 984 1392 1033 imprimis
1429 985 1688 1034 comprobant
1729 984 1852 1033 ipsius
1886 983 2078 1032 Apollinis
2121 985 2256 1032 Pythii

187 1035 404 1075 sententiae
445 1031 493 1067 ab
527 1031 577 1068 iis
601 1030 801 1080 expetitae
839 1030 1067 1067 condendae
1092 1031 1203 1068 urbis
1239 1039 1421 1081 tempore
1455 1032 1510 1073 cf.
1534 1033 1584 1069 de
1621 1033 1722 1082 orig.
1752 1033 1908 1069 Tarent.
1940 1045 1980 1081 p.
2009 1032 2073 1071 27.
2096 1032 2149 1069 47
2181 1044 2254 1082 sq.,

189 1084 351 1123 donaria
377 1079 518 1118 seriori
543 1090 641 1116 aevo
667 1078 848 1128 Delphos
874 1079 989 1116 missa
1015 1080 1181 1119 Pausan.
1209 1082 1269 1127 X,
1295 1082 1367 1128 10,
1392 1082 1429 1121 3.
1459 1082 1531 1128 13,
1555 1082 1601 1129 5,
1628 1080 1832 1131 delphinus
1848 1080 2015 1131 denique
2036 1080 2074 1117 in
2089 1082 2255 1119 nummis

188 1131 411 1172 Tarentinis
443 1140 573 1186 prope
609 1127 802 1177 Apollinis
837 1135 955 1177 caput
988 1129 1141 1177 positus
1176 1130 1352 1166 Mionnet
1386 1130 1525 1179 Suppl.
1557 1133 1586 1169 I.
1613 1144 1653 1179 p.
1681 1131 1768 1168 278.
1795 1130 1902 1176 279.,
1928 1129 2000 1166 sed
2026 1129 2133 1178 quod
2159 1130 2252 1167 olim

188 1183 271 1220 dixi
300 1181 367 1228 (de
394 1190 490 1226 orig.
517 1178 676 1214 Tarent.
702 1187 791 1224 pag.
816 1177 887 1219 18)
912 1176 1029 1211 etiam
1054 1176 1132 1212 hoc
1160 1179 1248 1214 loco
1275 1184 1430 1226 repeto,
1455 1190 1592 1228 parum
1617 1178 1866 1228 exploratum
1899 1176 1995 1213 mihi
2021 1176 2148 1215 videri
2173 1177 2255 1214 del·-

185 1230 400 1285 phinorum
426 1237 514 1265 cum
539 1223 724 1276 Apolline
749 1229 790 1263 et
816 1222 975 1263 oraculo
1001 1224 1197 1276 Delphico
1222 1238 1379 1268 nexum.

619 1296 621 1298 ’
1081 1292 1130 1340 2)
1157 1292 1371 1341 Neptunus.

339 1353 397 1390 Ne
429 1359 564 1389 tunum
606 1349 817 1389 coluerunt
852 1349 1069 1389 maritimae
1113 1350 1230 1388 urbes
1266 1352 1315 1389 ad
1347 1365 1465 1390 unam
1510 1363 1643 1390 omnes
1678 1351 1802 1390 veluti
1844 1351 1886 1388 in
1919 1351 2027 1389 ltalia
2058 1349 2254 1390 Veliensis

185 1405 360 1441 Miinter.
434 1402 507 1437 elia
532 1413 573 1449 p.
617 1401 686 1444 24,
721 1401 762 1435 ἰη
798 1399 934 1436 Africa
968 1400 1196 1447 Cyrenensis
1232 1401 1388 1446 civitas,
1424 1413 1503 1452 quo
1542 1413 1590 1437 ex
1631 1400 1763 1437 Thera
1788 1399 1931 1450 religio
1957 1399 2143 1436 translata
2169 1407 2254 1447 est,

184 1450 363 1491 Boeckh.
390 1449 531 1498 explic.
560 1442 747 1486 mPPind.
774 1462 816 1498 p.
842 1448 941 1488 267..
957 1448 1053 1494 268,
1081 1460 1211 1498 neque
1238 1449 1321 1486 aliis
1345 1451 1494 1500 pietate
1522 1450 1640 1487 cessit
1656 1451 1880 1491 Tarentum.
1927 1448 2114 1486 Omnium
2127 1450 2256 1485 notis-

187 1503 284 1538 sima
309 1500 465 1535 Horatii
495 1497 572 1536 od.
599 1498 630 1542 Ι,
652 1498 717 1540 28,
742 1497 793 1533 29
817 1496 940 1533 verba
965 1504 1071 1532 sunt:
1098 1499 1436 1549 Neptunoque
1463 1498 1593 1535 sacri
1619 1497 1833 1534 custode
1860 1496 2076 1535 Tarenti.
2114 1496 2255 1534 Custos

186 1549 315 1589 dictus
342 1549 570 1597 Neptunus,
594 1552 640 1583 ut
664 1552 778 1584 vetus
804 1544 1033 1583 scholiastes
1059 1544 1202 1593 habet,
1242 1547 1306 1585 vel
1343 1548 1434 1598 quia
1466 1549 1525 1585 Ne
1553 1555 1669 1585 tunus
1704 1546 1809 1596 apud
1835 1547 2050 1583 Tarentum
2076 1545 2254 1583 devotius

185 1599 412 1642 colebatur,
448 1597 515 1632 vel
624 1608 646 1631 a
676 1594 716 1630 in
753 1595 878 1631 tutela
911 1596 1083 1643 Neptuni
1120 1594 1243 1632 fuisse
1279 1596 1447 1642 dicitur,
1483 1608 1532 1633 ve
1606 1597 1670 1631 uia
1694 1595 1867 1645 Neptuni
1892 1594 1994 1630 filius
2020 1593 2254 1630 Phalanthus

186 1647 293 1700 apud
328 1647 540 1683 Tarentum
616 1642 739 1681 erculi
772 1649 813 1680 et
846 1644 1032 1694 Neptuno
1068 1644 1214 1695 templa
1251 1645 1474 1694 constituit,
1508 1652 1553 1683 ut
1579 1608 1746 1683 {ortiter
1770 1656 1845 1695 per
1870 1642 2045 1681 favorem
2068 1643 2254 1681 Herculis

186 1698 363 1740 faceret,
416 1707 490 1744 per
525 1695 753 1742 Neptunum
788 1692 962 1730 feliciter
997 1701 1149 1742 ageret.
1221 1695 1428 1731 Postrema
1465 1695 1698 1731 scholiastae
1743 1693 1865 1730 verba
1901 1692 1950 1728 de
1990 1692 2176 1728 Herculis
2211 1699 2253 1729 et

185 1745 362 1797 Neptuni
388 1742 545 1793 templis
572 1755 593 1778 a
618 1741 835 1778 Phalantho
864 1741 1088 1778 constitutis
1113 1741 1321 1780 manifesto
1347 1742 1568 1780 fabularum
1595 1741 1861 1780 confusionem
1887 1747 2054 1790 arguunt
2079 1740 2256 1790 Tarantis

187 1804 227 1834 et
253 1792 479 1838 Phalanthi,
516 1791 566 1827 de
592 1804 669 1840 qua
703 1790 797 1828 olim
831 1790 890 1826 dis
920 1791 1026 1827 utavi
1052 1790 1102 1827 de
1129 1792 1229 1841 orig.
1258 1794 1417 1832 Tarent.
1441 1802 1530 1842 pag.
1558 1793 1669 1841 qu„
1704 1790 1775 1830 sed
1801 1796 2080 1827 commonstrat
2105 1800 2129 1825 o
2160 1789 2254 1827 time

184 1847 244 1883 Ne
275 1843 427 1880 tunium
454 1840 560 1890 apud
585 1839 819 1877 Tarentinos
846 1804 994 1875 cultum
1019 1837 1222 1877 fabulosus
1239 1840 1306 1877 ille
1326 1843 1445 1877 Taras
1467 1840 1577 1877 urbis
1594 1838 1786 1886 conditor,
1803 1838 1976 1889 Neptuni
1994 1838 2097 1875 filius
2113 1802 2255 1876 dictus.

186 1858 283 1933 ibid).
342 1922 352 1931 .
381 1893 419 1929 2.
475 1888 591 1926 Urbis
619 1895 751 1925 custos
778 1888 882 1924 idem
909 1888 1020 1924 Deus
1046 1896 1208 1930 vocatus
1235 1896 1312 1941 est,
1349 1889 1455 1939 quod
1481 1889 1684 1926 colebatur
1708 1889 1785 1924 Dei
1809 1888 1930 1924 instar
1953 1882 2179 1939 πολιούχου
2211 1894 2253 1924 et

188 1944 379 1994 3771„qu
410 1941 447 1984 ιὓ)
503 1937 699 1987 Spauhem
739 1937 781 1973 in
808 1936 956 1978 Gallim,
983 1935 1023 1973 in
1053 1937 1131 1975 Jov
1168 1938 1230 1979 81.
1257 1938 1297 1974 ἰιι
1331 1938 1442 1975 Dian.
1468 1938 1577 1985 258„
1654 1937 1801 1974 uamvis
1841 1936 1943 1973 enim
1978 1936 2152 1987 Neptuni
2192 1948 2253 1973 sa-

189 1984 255 2031 cra
279 1994 477 2029 Laconum
522 1987 654 2024 coloni
688 1999 711 2023 a
737 1988 915 2023 Taenaro
954 1986 1229 2035 promontorio
1271 1999 1406 2025 secum
1439 1987 1603 2024 tulerint
1626 1950 1779 2023 tllliillcr
1812 1987 1909 2023 Dor.
1937 1987 1965 2024 1.
1991 1998 2030 2036 p.
2056 1986 2157 2034 4⁰3„
2192 1992 2251 2023 ta-

186 2053 277 2078 men
327 2040 367 2075 in
412 2038 520 2074 ltalia
564 2036 628 2072 hic
671 2037 780 2072 Deus
825 2047 914 2072 cum
960 2036 1111 2072 marino
1163 2036 1321 2073 numine
1369 2037 1445 2074 alio
1492 2036 1639 2074 coaluit
1683 2035 1754 2081 (de
1799 2035 1897 2085 orig.
1924 2037 2083 2074 Tarent.
2108 2047 2152 2085 p.
2177 2035 2251 2082 4.),

187 2090 285 2128 adeo
328 2095 374 2124 ut
407 2087 491 2137 ipse
531 2088 651 2121 Taras
691 2084 812 2121 heros
851 2084 915 2121 vel
949 2097 1025 2135 per
1061 2096 1170 2122 mare
1207 2085 1409 2123 advenisse
1446 2086 1505 2123 vel
1542 2084 1746 2136 indigenae
1790 2083 1983 2135 nymphae
2022 2083 2125 2133 filius
2162 2095 2247 2121 esse

187 2138 430 2178 crederetur.
489 2134 643 2172 Deinde
679 2133 778 2172 illud
811 2134 927 2171 etiam
962 2134 1114 2185 cogites
1146 2135 1283 2184 velim,
1334 2136 1394 2172 Ne
1424 2135 1509 2173 tuni
1548 2135 1729 2172 Taenarii
1767 2146 1875 2171 sacra
1908 2133 2110 2185 Spartanis
2155 2133 2250 2184 ipsis

185 2189 309 2227 fuisse
354 2186 501 2236 patria,
553 2184 658 2235 quod
701 2184 861 2233 colligas
904 2196 926 2220 e
960 2184 1147 2221 Pausania
1180 2186 1250 2231 111,
1286 2186 1354 2232 12,
1394 2148 1436 2224 g.
1473 2184 1604 2222 lucum
1647 2184 1821 2233 Neptuni
1857 2184 2038 2221 Taenarii
2085 2183 2251 2233 Spartae

185 2242 536 2280 commemorante,
569 2233 776 2270 translatus
811 2233 931 2282 igitur
962 2240 1047 2269 erat
1082 2233 1147 2270 hic
1179 2234 1288 2270 Deus
1321 2247 1343 2270 a
1365 2233 1637 2283 promontorio
1663 2233 1702 2269 in
1731 2232 1757 2268 S
1788 2239 2010 2269 artanorum
2036 2232 2249 2279 civitatem,

184 2298 316 2337 neque
342 2284 389 2321 ab
415 2283 482 2321 illo
508 2283 621 2328 loco,
658 2281 733 2318 etsi
765 2281 921 2318 solvere
947 2281 1036 2319 inde
1063 2281 1240 2318 solebant
1265 2282 1484 2332 navigaturi
1509 2284 1722 2319 Tarentum
1747 2246 1867 2318 lgiod.
1895 2283 1989 2328 XX,
2016 2282 2110 2327 104,
2138 2292 2249 2318 acce-

183 2337 290 2386 pisse
317 2346 427 2371 sacra
454 2333 616 2369 colonos
641 2341 802 2367 necesse
830 2337 903 2377 est,
928 2337 1169 2380 acceperunt
1193 2331 1327 2380 potius
1354 2343 1402 2367 ex
1429 2332 1511 2380 ipsa
1535 2331 1656 2378 urbe3
1689 2330 1759 2367 sed
1785 2337 1875 2367 utut
1898 2329 1997 2368 haec
2021 2342 2065 2367 se
2090 2329 2248 2376 habent,

182 2434 333 2475 XLVII„
358 2439 388 2469 ι.
457 2433 484 2473 ³)
508 2430 593 2463 Inde
630 2430 742 2473 Κρῗσα
764 2432 873 2473 ζαθέη
902 2431 1005 2465 Hom.
1026 2430 1068 2465 11.
1089 2430 1134 2464 11.
1155 2431 1228 2465 520.
1249 2430 1354 2465 Plura
1390 2431 1433 2464 de
1459 2432 1547 2465 urbe
1573 2432 1704 2466 Miiller
1726 2427 1885 2466 Orchom.
1905 2443 1940 2477 p.
1961 2433 2037 2476 495.
2077 2431 2128 2464 Ex
2149 2429 2246 2464 Italia

183 2479 374 2511 Crissenses
402 2480 583 2518 quaestum
607 2473 774 2511 habuisse,
806 2474 901 2505 testis
932 2478 981 2504 est
1007 2473 1132 2505 Strabo
1161 2479 1244 2506 tom.
1265 2474 1325 2504 111.
1347 2485 1382 2516 p.
1403 2476 1477 2516 499.
1497 2475 1612 2508 Tzsch.
1633 2474 1789 2507 Amicum
1820 2474 1914 2505 inter
1933 2473 2190 2518 Metapontinos
2212 2476 2247 2503 et

182 2521 372 2552 Crissenses
400 2514 659 2555 commercium,
685 2514 713 2546 si
742 2514 825 2559 quid
857 2514 975 2553 video,
1019 2514 1050 2546 ei
1072 2514 1206 2547 fabulae
1229 2514 1361 2560 copiam
1383 2514 1475 2556 fecit,
1495 2527 1597 2560 quam
1623 2516 1770 2550 servavit
1790 2515 1950 2559 Ephorus
1971 2515 2093 2562 fragm.
2115 2527 2151 2559 p.
2174 2515 2247 2550 152.

184 2563 303 2600 Marx„
324 2559 486 2591 Daulium
516 2557 648 2589 Crissae
676 2562 859 2606 tyrannum
899 2556 1088 2589 condidisse
1117 2556 1209 2588 Meta
1235 2562 1366 2590 ontum.
1408 2558 1448 2589 In
1476 2558 1601 2591 Daulio
1636 2558 1696 2590 illo
1732 2558 1882 2591 fabulam
1916 2564 1953 2591 et
1986 2568 2091 2591 corr-u
2116 2557 2246 2588 tionem

210 2604 259 2635 uis
278 2613 350 2634 non
372 2606 541 2644 agnoscat,
564 2610 642 2631 cum
663 2599 747 2630 mhil
770 2598 920 2643 apertius
942 2598 997 2637 sit,
1018 2609 1121 2642 quam
1139 2599 1190 2631 Da
1229 2598 1291 2630 idis
1312 2598 1403 2631 cives
1424 2598 1604 2642 significari
1625 2610 1735 2645 prope
1751 2599 1980 2633 Parnassum?
2012 2600 2072 2632 Str
2120 2608 2142 2630 o
2163 2603 2246 2631 tom.

186 2614 248 2676 llll.
270 2656 303 2687 p.
325 2640 400 2684 484.
420 2643 536 2674 Tzsch.
556 2642 702 2675 Pausan.
724 2641 775 2681 X„
798 2644 830 2682 4,
850 2639 873 2672 5
894 2650 946 2683 sq.
989 2639 1149 2672 Ceterum
1171 2640 1204 2672 id
1226 2639 1359 2681 nescio,
1396 2651 1440 2673 an
1463 2650 1502 2673 ex
1526 2642 1649 2675 eodem
1670 2642 1765 2676 fonte
1788 2653 1865 2676 cum
1887 2640 2015 2675 Daulio
2033 2639 2245 2674 redundasse

187 2686 412 2717 narrationem
440 2685 482 2717 de
507 2685 603 2728 Epeo
627 2683 840 2716 Phocensi
861 2682 1052 2727 Metaponti
1080 2682 1278 2721 conditore,
1320 2683 1397 2723 jure
1431 2683 1668 2718 existimemus.
1689 2685 1733 2720 cf.
1754 2685 1865 2719 Justin
1886 2685 1979 2724 XX*
1991 2693 2023 2719 α,
2045 2687 2076 2717 1.
2099 2683 2245 2717 Δτίεἳοῒ.

159 2757 161 2760 .
186 2728 309 2759 mirab.
332 2725 419 2765 116„
461 2737 532 2758 non
563 2732 676 2757 tamen
708 2736 747 2757 re
773 2735 900 2769 ugnem
931 2724 988 2765 iis,
1031 2724 1091 2768 qui
1122 2724 1275 2757 solidiori
1305 2725 1528 2758 fundamento
1550 2726 1614 2758 ista
1637 2727 1679 2759 de
1699 2728 1797 2772 Epeo
1820 2727 1879 2759 vul
1923 2730 1959 2758 ta
1978 2724 2043 2756 niti
2071 2729 2246 2758 censeant.

185 2769 315 2801 Miiller
335 2768 418 2800 Dor.
437 2769 465 2800 1.
486 2780 521 2810 p.
547 2767 625 2808 264.
665 2770 694 2801 ⁴)
717 2737 828 2799 Aliter
851 2767 994 2799 dictum:
1014 2766 1156 2799 sancti
1180 2772 1321 2799 custos
1343 2767 1540 2800 Soractis
1562 2768 1725 2812 Apollo
1749 2769 1849 2811 Vin-g.
1894 2776 1958 2815 ὀί).
1979 2765 2046 2806 XL,
2068 2768 2164 2801 785.‘
2186 2765 2243 2798 Ob

183 2809 337 2854 Neptuni
362 2819 455 2839 sacra
471 2811 661 2852 ‘aliorumve
684 2811 835 2840 Deorum
858 2820 1022 2840 sacrum
1047 2808 1129 2840 dicit
1150 2808 1312 2841 Horatius
1334 2810 1531 2849 Tarentum,
1566 2809 1602 2841 in
1649 2821 1694 2843 uo
1717 2807 2039 2843 Graecosvunitatus
2077 2813 2140 2840 est.
2184 2805 2242 2837 Sic

181 2851 301 2885 tritum
324 2848 426 2882 illud:
467 2853 583 2892 Τροίης
605 2849 697 2893 ἱερὸν
716 2849 939 2893 πτολίεθρον,
962 2850 1074 2883 Thera
1095 2846 1169 2893 ιἐρᾶ
1191 2848 1292 2885 νᾶσος
1314 2850 1452 2886 Pindar.
1473 2850 1570 2895 Pyth.
1591 2851 1607 2884 1
1643 2875 1675 2893 .,
1695 2854 1716 2887 6
1742 2851 1824 2895 ibiq.
1844 2850 1994 2885 Boeckh.
2016 2856 2051 2884 et
2072 2847 2240 2893 Agrigen-
