2468 3070
1194 162 1243 199 18

182 279 268 306 rem
293 279 484 305 summum
512 267 708 307 attulerat.
760 267 823 305 De
849 272 1095 305 mortuorum
1119 266 1228 304 cultu
1265 265 1368 317 apud
1396 267 1629 304 Tarentinos
1656 276 1746 306 sunt
1781 280 1938 320 praeter
1964 285 2019 319 ea,
2046 285 2144 324 quae
2169 288 2250 313 me.

182 319 439 366 moravimus,
475 319 617 354 indicia
653 318 745 354 satis
774 324 894 356 certa.
948 318 1061 353 Cives
1089 317 1191 353 enim
1219 317 1443 363 Tarentini,
1483 324 1527 353 ut
1564 318 1695 362 retulit
1725 321 1912 368 Polybius
1939 324 2039 368 Vlll,
2065 324 2127 374 3⁰,
2153 325 2250 374 sssq.

182 375 325 404 auctor
352 367 674 419 accuratissimus,
701 375 878 405 mortuos
906 380 996 404 suos
1024 378 1155 403 omnes
1183 365 1282 402 intra
1308 380 1441 404 muros
1467 366 1572 403 soliti
1600 374 1690 404 sunt
1708 366 1882 415 humare,
1910 380 1954 408 ut
1976 372 2171 410 orientalis
2184 386 2251 410 ur-

182 416 245 453 bis
271 430 363 466 pars
390 418 500 466 plena
528 424 632 452 esset
658 417 932 466 sepulcrorum
959 417 1228 456 monumentis,
1261 416 1355 451 Fuit
1381 417 1418 452 in
1447 429 1572 460 causa,
1597 425 1640 453 ut
1667 417 1813 464 dicunt,
1841 414 2012 471 α’ργαῑόν
2032 436 2071 461 τι
2098 420 2249 474 λόγων,

186 466 334 516 quippe
356 468 466 503 Deus
484 465 702 502 Tarentinis
729 465 955 503 vaticinatus
983 474 1077 512 erat,
1105 462 1283 516 ἄμεινον
1310 464 1377 503 καὶ
1404 460 1528 504 λώϊον
1554 466 1723 505 ἔσεσθαί
1749 481 1861 519 σφισι
1887 462 2148 522 πόιουμένοις
2173 471 2249 524 τήν

185 516 343 564 οἴκησιν
365 514 477 564 'awa'
504 515 587 552 ’τοῖν
613 511 819 553 πλειόνων
844 517 904 560 ¹⁵).
956 516 1041 550 Jam
1070 517 1174 552 cives
1202 515 1329 564 probe
1357 517 1517 552 oraculo
1546 517 1785 553 satisfactum
1812 520 1860 554 iri
1887 522 1986 566 rati,
2014 524 2047 558 si
2073 530 2249 559 mortuos

184 576 341 614 quoque
368 565 471 601 intra
497 564 650 600 moenia
677 571 878 609 tenerent,
931 562 982 600 ob
1011 563 1110 601 hanc
1145 576 1296 600 causam
1336 565 1555 601 etiamnunc
1583 566 1625 612 (i.
1653 578 1687 601 e.
1713 567 1870 614 Polybii
1897 575 2044 613 aetate)
2071 578 2248 607 mortuos

180 613 279 649 intra
306 621 443 663 portas
471 614 679 663 sepeliunt.
732 615 824 650 Erat
850 624 941 649 sanc
968 613 1045 649 hoc
1072 614 1265 662 singulare
1292 613 1456 662 aliquid,
1492 615 1672 663 quoniam
1700 615 1738 650 in
1765 616 1848 652 aliis
1876 618 2119 655 Graecorum
2144 619 2251 655 urbi-

180 662 252 698 bus
278 664 459 711 sepulcra
485 662 661 699 solebant
689 671 798 699 extra
824 663 978 698 moenia
1016 675 1101 699 esse
1129 663 1180 700 cf.
1218 662 1358 709 Polyb.
1383 664 1460 706 lX.,
1488 664 1548 708 17,
1576 665 1612 699 2.
1640 666 1677 702 6.
1729 665 1809 702 Cic.
1837 666 1952 714 epist.
1980 667 2028 702 ad
2054 667 2142 704 lam.
2169 670 2248 714 IV..

181 712 242 749 12.
275 710 402 751 vates.
430 713 478 749 ad
505 712 692 748 Ammian.
721 712 903 749 Marcell.
931 711 1085 756 xvnl„
1111 712 1146 748 7.
1178 712 1275 748 Cum
1303 712 1553 747 oraculorum
1590 713 1680 748 fidei
1717 713 1754 749 in
1789 715 1848 750 his
1885 728 1961 751 non
1987 717 2152 753 multum
2177 718 2250 753 tri-

180 759 381 796 buendum
410 762 485 807 sit,
535 774 621 796 nam
647 774 764 796 unum
797 761 942 816 uidque
969 760 1270 797 confirmabatur
1306 761 1474 796 oraculis
1512 762 1594 797 sive
1623 762 1719 798 datis
1747 763 1829 800 sive
1857 763 1979 809 fictis,
2016 766 2245 802 Mannertus

180 821 316 859 geogr.
344 811 409 846 IX.
437 824 473 859 p.
501 811 535 846 2.
562 823 600 858 p.
625 811 687 848 62.
718 810 758 859 ju
789 817 926 855 icant,
962 810 1142 859 sepulcra
1180 809 1272 845 olim
1309 816 1417 845 extra
1444 810 1595 846 moenia
1623 811 1771 859 posita,
1811 825 1930 862 quum
1956 812 2052 848 urbs
2081 815 2248 852 circuitu

180 857 502 907 amplificaretur,
528 859 626 894 intra
653 859 807 895 moenia
835 866 998 908 recepta
1025 871 1121 897 esse.
1162 858 1355 908 Equidem
1381 859 1511 907 potius
1536 861 1825 909 respiciendum
1854 875 1996 898 censeo
2024 862 2069 898 ad
2126 865 2245 901 atrios

178 920 328 954 mores,
366 920 531 959 namque
558 908 661 958 apud
689 908 901 958 Spartanos
930 920 1089 959 quoque
1116 907 1285 957 sepelire
1313 908 1351 943 in
1387 907 1487 944 urbe
1512 914 1690 945 'mortuos
1718 910 1776 946 fas
1799 918 1891 947 erat.
1943 912 2103 948 Plutarc
2118 925 2144 950 1.
2173 915 2248 961 Ly-

178 969 289 1006 curg.
318 959 380 994 27.
414 958 576 995 institut.
614 959 759 994 Lacon.
789 959 847 998 18.
894 959 1003 1007 Crag.
1032 960 1081 994 de
1119 957 1271 1006 republ.
1308 958 1536 995 Lacedaem.
1565 972 1604 1007 p.
1632 956 1706 995 1'10
1728 974 1783 1010 sq.
1835 961 1982 997 Miiller
2015 963 2111 997 Dor.
2139 963 2181 1001 11.
2208 975 2247 1011 p.

175 1007 265 1044 4⁰0.
317 1006 612 1042 Lacedaemone
640 1007 890 1043 obtinuerant
929 1008 1060 1043 coloni
1086 1006 1287 1042 Tarentini
1314 1013 1557 1042 mortuorum
1585 1008 1756 1044 divinum
1784 1011 1951 1053 cultum,
1988 1023 2102 1059 quem
2130 1011 2246 1047 simili

176 1054 295 1091 modo
323 1057 480 1103 Cyrenis
503 1056 723 1091 institutum
749 1054 871 1091 fuisse
899 1056 1140 1104 colligimus,
1181 1067 1317 1092 verum
1347 1068 1423 1091 non
1451 1064 1664 1107 propagata
1691 1058 1737 1093 ab
1765 1059 1967 1108 Aegyptiis
1995 1066 2035 1094 et
2061 1058 2245 1108 Aborigi-

175 1103 290 1140 nibus
316 1104 527 1154 religione,
572 1112 616 1141 ut
642 1104 767 1141 voluit
794 1104 1016 1140 Boeclzhius
1044 1104 1091 1139 ad
1118 1105 1232 1142 Pind.
1262 1105 1401 1152 explic.
1429 1118 1467 1153 p.
1494 1106 1601 1150 292,
1639 1107 1708 1142 sed
1734 1120 1807 1155 per
1834 1109 2003 1143 'l'heram
2030 1108 2193 1143 insulam
2221 1119 2243 1143 e

175 1153 359 1190 Laconia.
378 1175 423 1181 —
452 1156 635 1191 Ceterum
662 1167 780 1204 quum
805 1161 948 1189 tantam
976 1153 1141 1189 mortuis
1169 1153 1247 1189 suis
1276 1165 1407 1188 curam
1434 1154 1696 1202 impenderint
1712 1157 1923 1201 Tarentini,
1950 1169 2026 1192 non
2054 1156 2146 1192 licet
2173 1158 2244 1193 du-

174 1201 305 1239 bitare
333 1203 383 1240 de
409 1204 678 1253 sepulcrorum
706 1202 1006 1252 magnificentia,
1034 1216 1146 1252 qnam
1175 1202 1278 1251 apud
1307 1202 1583 1252 Agrigentinos
1611 1211 1777 1240 testatur
1805 1206 2005 1243 Diodorus
2032 1207 2147 1251 xm„
2172 1207 2237 1252 823

175 1264 220 1288 ac
247 1251 432 1301 profecto
470 1261 620 1289 constat
653 1253 702 1289 de
738 1266 754 1288 s
789 1252 940 1289 lendida
967 1252 1169 1289 Phalanthi
1206 1251 1406 1301 sepultura
1443 1252 1547 1301 apud
1572 1254 1933 1294 B1·undusinos.·cf.
1965 1255 2012 1290 dc
2041 1256 2141 1303 orig.
2169 1256 2243 1290 'I'a-

173 1308 276 1339 rent.
304 1314 344 1351 p.
369 1302 431 1338 52.
457 1302 684 1338 Recentiori
711 1314 750 1337 sa
770 1310 846 1338 tem
878 1308 1060 1350 tempore
1094 1314 1269 1350 magnam
1301 1313 1439 1348 gerere
1468 1313 1601 1336 curam
1627 1304 1900 1350 sepulcrorum
1929 1304 2159 1338 Tarentinos
2188 1304 2247 1339 af-

176 1350 305 1386 firmat
336 1352 504 1387 Joannes
533 1352 692 1387 Juvenis
732 1352 818 1399 ipse
856 1351 959 1387 cives
987 1351 1221 1387 Tarentinus
1248 1351 1287 1385 in
1319 1349 1419 1385 libro
1447 1363 1517 1386 suo
1545 1351 1627 1397 1V.,
1656 1353 1704 1394 l..
1731 1364 1775 1388 ac
1803 1353 1835 1388 si
1863 1365 1996 1389 verum
2026 1358 2106 1396 est,
2135 1351 2242 1402 quod

172 1399 308 1434 retulit
334 1399 463 1435 Micali
489 1400 594 1435 ltalia
620 1407 715 1435 tom.
744 1402 772 1437 1.
799 1412 838 1447 p.
863 1400 961 1441 245..
986 1411 1146 1434 servare
1174 1399 1309 1434 funera
1336 1398 1374 1432 in
1403 1399 1575 1435 Calabria
1601 1401 1781 1450 antiquos
1810 1402 2053 1437 Graecorum
2079 1401 2190 1446 ritus,
2219 1413 2240 1436 e

172 1448 463 1487 recentioribus
488 1449 652 1498 pristina
680 1449 813 1498 colligi
841 1456 880 1485 et
909 1447 1045 1497 effingi
1071 1455 1247 1498 possunt.

910 1518 1049 1564 Liber
1081 1518 1137 1563 de
1168 1517 1330 1563 artium
1361 1519 1498 1564 cultu.

321 1595 462 1633 Facilis
491 1596 602 1633 nobis
630 1609 651 1631 a
676 1594 797 1631 rebus
824 1594 942 1630 sacris
970 1594 1018 1630 ad
1044 1601 1146 1630 artes
1176 1594 1477 1630 Tarentinorum
1503 1602 1662 1643 paratur
1687 1596 1883 1640 transitus,
1912 1598 2094 1645 quoniam
2122 1609 2169 1633 cx
2196 1598 2241 1634 il·-

170 1643 216 1680 Iis
244 1643 317 1680 hae
346 1646 538 1695 originem
565 1644 715 1681 habere
743 1650 783 1680 et
811 1644 1048 1679 incrementa
1088 1655 1227 1691 capere
1264 1643 1365 1691 apud
1402 1645 1609 1694 plerasque
1642 1652 1778 1693 gentes
1813 1645 1973 1680 soleant.
2028 1648 2174 1683 Verum
2200 1648 2238 1682 in

172 1694 313 1728 artium
341 1696 588 1743 expositione
615 1695 647 1730 is
675 1693 943 1730 observandus
971 1692 1072 1728 ordo
1102 1692 1189 1737 crit,
1216 1700 1258 1728 ut
1286 1692 1489 1728 exordium
1517 1693 1706 1730 ducentes
1735 1706 1783 1729 ex
1810 1694 1870 1738 iis,
1898 1708 1996 1744 quae
2022 1696 2140 1732 vitam
2169 1709 2241 1745 po-

171 1742 255 1790 puli
283 1749 485 1779 externam
513 1751 690 1793 spectant
725 1742 772 1778 ab
808 1754 931 1791 eaque
964 1740 1155 1789 pendent,
1196 1741 1243 1776 ad
1272 1753 1315 1776 ea
1340 1742 1666 1790 progrediamur,
1706 1755 1804 1791 quac
1835 1750 2007 1779 mentem
2035 1744 2238 1780 humanam

171 1792 396 1829 excolentes
423 1794 531 1843 quasi
558 1794 659 1830 viam
685 1799 865 1830 sternunt
890 1790 1047 1830 litteris.

993 1861 1032 1907 1)
1058 1860 1138 1895 Ars
1166 1862 1418 1908 gymnastico.

322 1927 416 1963 Cive
443 1927 610 1976 ingenuo
639 1940 686 1975 ap
718 1926 816 1962 rime
843 1924 956 1974 digna
983 1938 1043 1961 ars
1073 1923 1307 1973 gymnastica
1334 1937 1353 1960 a
1380 1924 1581 1961 veteribus
1609 1924 1824 1962 existimata
1853 1932 1935 1970 est,
1973 1939 2087 1976 quam
2124 1940 2240 1977 quan·

171 1983 249 2011 tum
279 1973 412 2011 iacere
440 1976 487 2012 ad
515 1976 693 2012 excolent
708 1989 767 2011 am
795 1974 994 2011 hominum
1023 1974 1195 2009 indolem
1224 1973 1485 2018 crediderint,
1513 1982 1675 2024 apparet
1701 1975 1803 2020 inde,
1832 1975 1939 2025 quod
1965 1976 2004 2011 in
2031 1976 2240 2012 educandis

169 2025 304 2074 pueris
334 2025 433 2062 haec
461 2026 554 2062 olim
582 2039 642 2062 ars
668 2038 859 2061 summum
885 2025 1015 2060 locum
1043 2023 1233 2068 obtinuit3
1268 2023 1451 2073 gymnicis
1480 2024 1823 2063 exercitationibus
1852 2038 1873 2060 a
1899 2024 2077 2061 barbarie
2105 2024 2242 2062 defen·-

168 2088 248 2110 sam
266 2087 352 2111 esse
366 2076 567 2113 civitatem
582 2077 830 2111 Tarentinam
858 2073 948 2110 alibi
976 2073 1250 2111 enarravimus.
1278 2073 1383 2108 Artis
1411 2072 1552 2109 florem
1580 2081 1884 2119 commonstrant
1911 2082 2070 2125 praeter
2087 2075 2241 2124 elegan-

167 2124 358 2160 tissimum
402 2126 639 2175 gymnasium
676 2124 929 2160 Tarentinum
975 2124 1117 2159 civium
1162 2122 1413 2159 victoriae
1457 2123 1761 2173 Olympicae.
1819 2124 2000 2161 Servavit
2042 2125 2236 2162 victorum

168 2173 337 2210 duorum
374 2175 526 2211 nomina
562 2174 765 2211 Diodorus
792 2175 890 2218 XV..
917 2174 979 2211 23.
1007 2173 1127 2218 XVI„
1154 2172 1216 2209 37.
1244 2171 1504 2220 Dionysodori
1533 2173 1751 2229 'l‘firentini,
1793 2174 1860 2223 qui
1895 2174 1935 2210 in
1972 2174 2097 2210 stadio
2132 2174 2239 2220 vicit,

169 2235 259 2258 cum
285 2223 389 2271 apud
414 2225 533 2260 Eleos
551 2224 752 2272 Olympias
770 2224 811 2259 C.
840 2223 1037 2271 agebatur,
1068 2229 1107 2258 et
1133 2222 1346 2259 Smicrinae
1364 2223 1410 2269 ¹),
1439 2222 1505 2270 qui
1534 2219 1765 2271 olympiade
1793 2224 1907 2261 CVII.
1934 2224 2065 2260 victor
2092 2223 2140 2259 de
2167 2231 2240 2259 sta—

168 2271 232 2308 dio
264 2273 397 2308 rediit.
426 2272 476 2311 cf.
507 2273 648 2310 Euseb.
679 2273 716 2308 in
743 2272 914 2311 thesaur.
947 2278 1066 2319 temp.
1089 2271 1226 2319 Scalig.
1256 2284 1295 2319 p.
1323 2270 1412 2307 219.
1440 2272 1608 2321 Catalog.
1636 2271 1825 2308 hieronic.
1852 2280 1943 2321 post
1970 2272 2138 2308 Corsinii
2163 2272 2236 2308 dis-

167 2328 258 2361 sert,
287 2334 397 2378 agon.
428 2335 468 2369 p.
484 2323 569 2359 128.
599 2323 684 2358 1:34.
737 2323 821 2357 Nec
851 2321 1119 2363 dubitandum,
1147 2321 1241 2368 quin
1268 2327 1355 2355 ante
1382 2319 1478 2356 haec
1504 2328 1683 2369 tempora
1711 2322 1816 2357 cives
1843 2322 2044 2357 Tarentini
2070 2322 2238 2359 vicerint

168 2369 370 2420 Olympia,
405 2382 549 2419 nempe
577 2372 782 2420 conspexit
808 2368 1018 2406 Pausanias
1052 2370 1122 2413 vl,
1149 2368 1210 2411 1⁴,
1237 2368 1273 2403 5.
1304 2367 1508 2418 Olympiae
1535 2370 1687 2407 Anochi
1713 2370 1865 2419 signum
1891 2370 2059 2406 athletae
2091 2373 2238 2406 Taren-

167 2420 249 2465 tini,
275 2420 488 2457 Adamatae
514 2418 598 2466 filii,
623 2423 689 2469 qui
716 2421 753 2455 in
782 2419 907 2456 stadio
938 2426 976 2455 et
1007 2417 1135 2454 diaulo
1165 2418 1344 2465 (lgnarra
1373 2417 1421 2453 de
1448 2418 1600 2466 phratr.
1627 2432 1717 2468 pag.
1731 2421 1842 2463 1119.)
1868 2419 2070 2456 victoriam
2096 2432 2242 2469 repor-

166 2470 271 2506 tavit.
324 2469 437 2520 Opus
466 2476 552 2505 erat
580 2470 774 2518 Ageladae
802 2469 955 2518 Argivi,
995 2472 1112 2516 q‘uem
1149 2466 1337 2502 artificem
1374 2466 1406 2501 si
1446 2466 1627 2504 floruisse
1664 2468 1807 2504 dixeris
1836 2469 1940 2505 circa
1968 2469 2235 2518 Olympiadem

167 2520 286 2565 LCC„
315 2527 358 2555 ut
385 2520 460 2555 alio
490 2520 580 2554 loco
609 2518 858 2567 probavimus
889 2531 922 2554 v.
951 2518 1074 2567 Sillig.
1102 2516 1266 2563 catalog.
1294 2514 1398 2551 artif.
1428 2529 1465 2564 p.
1497 2518 1627 2567 lsssq.,
1655 2517 1703 2554 de
1731 2525 1910 2568 tempore
1937 2519 1974 2554 in
2001 2519 2237 2563 universum,

169 2581 243 2616 quo
279 2569 422 2606 vicerit
451 2568 650 2612 Anochus‚
678 2567 852 2616 judicare
880 2568 1040 2615 poteris,
1070 2579 1190 2617 quum
1218 2564 1320 2600 aliud
1348 2565 1469 2601 multo
1496 2565 1739 2614 probabilius
1767 2568 1927 2604 accedat
1954 2575 2235 2617 argumentum.

168 2617 320 2654 Etenim
347 2617 705 2667 dubitarinequit,
742 2616 850 2667 quod
877 2617 1114 2652 intellexisse
1143 2615 1336 2662 Heynium
1366 2626 1501 2663 opusc.
1530 2615 1576 2653 V.
1606 2628 1641 2663 p.
1672 2616 1761 2654 368.
1788 2615 1858 2660 (cf.
1886 2616 2041 2654 Corsini
2069 2616 2236 2664 catalog.

166 2678 209 2714 p.
236 2666 343 2711 122.)
365 2674 485 2716 puto,
537 2666 628 2724 quin
656 2680 677 2704 a
704 2665 892 2703 Pausania
928 2665 1126 2702 laudatum
1157 2676 1292 2701 verum
1319 2663 1483 2700 victoris
1512 2663 1595 2714 ejus
1626 2675 1766 2701 nomen
1793 2665 1857 2725 sit3
1886 2678 2002 2715 quem
2029 2664 2236 2701 Africanus

167 2714 271 2762 apud
305 2716 515 2752 Eusebium
552 2730 591 2751 in
627 2717 767 2767 Scalig.
795 2716 897 2752 thes.
920 2722 1044 2764 temp.
1064 2728 1102 2763 p.
1128 2715 1215 2751 218.
1243 2713 1353 2758 (inde
1393 2714 1431 2749 in
1467 2714 1609 2764 Scalig.
1636 2719 1874 2766 συναγωγη)
1904 2721 2017 2752 vocat·
2042 2709 2233 2767 Ἀκοχᾱν.

165 2804 214 2836 cia
236 2804 367 2848 perlata
394 2806 559 2850 novisque
587 2807 713 2839 fabulis
746 2813 843 2839 aucta
873 2806 952 2840 sint.
1023 2806 1063 2846 ²‘)
1085 2804 1249 2839 Πλειόνας
1302 2817 1345 2838 ro
1372 2802 1566 2839 τεθνεῶτας
1596 2804 1667 2837 sive
1702 2801 1951 2847 ἐποιχομένους
1980 2805 2065 2849 poni
2102 2807 2234 2840 monuit

160 2846 358 2879 Eustathius
380 2846 423 2877 ad
445 2847 544 2881 Iliad.
563 2860 599 2892 p·
620 2851 697 2884 451.
721 2850 775 2883 ed.
798 2850 900 2881 Basil.
922 2855 956 2880 et
978 2848 1100 2892 Odyss.
1123 2860 1156 2891 p.
1181 2817 1402 2882 7.—-Pvarr0
1426 2849 1468 2880 de
1491 2848 1575 2892 ling.
1595 2848 1687 2881 latin.
1709 2849 1756 2882 V.
1780 2860 1815 2892 p.
1837 2851 1890 2884 58.
1913 2848 1991 2895 Rip.
2013 2849 2167 2893 loquitur
2193 2849 2235 2881 de

159 2889 260 2922 Aecis
281 2888 492 2928 Tarentinis,
527 2890 561 2920 in
583 2892 706 2932 quibus
728 2897 943 2936 parentatum
966 2891 1026 2930 sit,
1057 2896 1094 2923 ut
1115 2891 1228 2923 locum
1251 2897 1454 2935 corruptum
1477 2889 1729 2923 emendandum
1753 2901 1823 2923 esse
1847 2890 2006 2923 viderunt
2027 2891 2179 2936 Scaliger
2202 2897 2235 2922 et

157 2932 288 2976 Popma
312 2931 348 2963 in
369 2931 461 2964 notis
490 2936 573 2964 tom.
596 2932 640 2965 11.
662 2944 696 2973 p.
721 2938 782 2968 130
804 2945 856 2975 sq.
880 2934 965 2977 Rip..
987 2933 1154 2965 incertum
1177 2940 1301 2972 tamen,
1324 2944 1392 2977 qua
1413 2933 1557 2966 ratione.

289 2976 313 3013 ¹)
336 2974 441 3020 Apud
462 2974 647 3007 Euscqum
673 2974 779 3006 dictus
803 2977 985 3015 Μικρίνας,
1009 2976 1079 3008 sola
1108 2976 1241 3008 dialecti
1266 2978 1446 3016 varietate,
1477 2982 1514 3008 ut
1536 2976 1669 3009 monuit
1691 2976 1935 3021 W'csselingius
1958 2976 1999 3010 ad
2023 2975 2130 3009 Diod.
2153 2975 2176 3008 l.
2199 2986 2230 3009 c,
