2468 3070
189 170 383 210 existimat
446 170 557 202 reete
581 170 714 200 tamen
739 172 761 197 a
785 157 935 210 Langio
961 156 1106 198 vindic.
1133 163 1235 208 trag.
1259 154 1374 195 Rom.
1399 167 1438 215 p.
1464 155 1549 204 51„
1585 153 1819 211 assentiente
1845 149 2015 192 Miillero
2039 149 2138 189 Dor.
2165 157 2259 190 tom.

189 222 237 259 Π,
263 232 303 268 Ρ.
328 196 417 254 865.
445 213 701 249 observatum
727 215 808 254 est,
857 207 1065 245 commode
1088 215 1317 244 extraneum
1341 205 1421 243 dici
1444 217 1563 255 posse
1588 205 1688 241 illud
1717 214 1890 241 comicae
1926 213 2096 250 poeseos
2121 212 2258 257 genus,

190 269 279 322 quia
304 266 345 304 in
362 261 526 303 Graecis
552 257 716 298 theatris
743 256 923 297 exhiberi
949 255 1105 295 solitum
1132 261 1215 303 est,
1245 255 1397 295 Romae
1420 253 1583 306 publice
1608 265 1686 291 non
1711 250 1913 310 edebatur.
1963 250 2052 303 Ego
2071 261 2148 310 qui
2170 246 2258 308 lieri

190 316 388 368 potuerit,
419 319 466 348 ut
490 310 726 347 hexametris
750 307 924 345 heroicis
951 306 1176 344 comoedias
1190 317 1292 349 ‘suas
1315 304 1492 342 Rhintho
1518 303 1735 350 scriberet,
1761 314 1842 338 non
1865 300 2005 347 video,
2041 312 2118 338 nm
2140 298 2258 345 dicas,

191 378 256 405 eas
281 377 359 403 non
384 360 599 399 dramatum
626 356 699 397 sed
725 356 937 396 carminum
962 356 1085 395 instar
1109 354 1254 404 fuisse,
1281 354 1413 406 neque
1439 360 1613 402 cantata,
1642 363 1772 404 neque
1799 350 1953 398 saltata,
1988 348 2134 387 nedum
2159 354 2257 395 acta,

191 423 237 453 ut
262 412 388 451 voluit
414 412 594 460 Cuperus
619 422 659 466 p.
683 409 736 445 75
761 421 840 458 sq.‚
866 406 1078 443 accedente
1103 404 1343 443 Rambachio
1370 404 1420 441 ad
1444 403 1608 448 Casaub.
1635 403 1685 440 de
1709 414 1821 452 poes.
1846 400 1955 441 satir.
1981 413 2023 449 p.
2046 399 2109 437 92.
2163 397 2260 455 Km3-

228 459 344 504 ωδίαι
372 458 547 512 quidem,
565 460 599 495 'o
630 469 740 505 mor,
767 462 877 494 erant
901 453 1257 507 hilarotragoediae
1281 454 1467 491 Reuvens
1492 453 1611 503 11:85
1635 464 1708 503 sq.,
1745 449 1816 487 sed
1840 461 1918 486 non
1942 448 2113 485 dramata
2140 459 2261 485 omm-

190 479 263 552 ἴῃς
297 509 470 549 numeris
512 507 606 545 abso
624 514 713 551 uta,·
754 519 829 544 nec
864 513 962 557 puto
1003 518 1237 557 quemquam
1270 516 1319 541 ex
1343 503 1510 541 Acronis
1535 500 1669 542 verbis
1691 499 1745 560 ad
1771 501 1910 540 Horat.
1937 505 2008 558 sat.
2035 498 2080 545 1.,
2106 498 2166 546 lo,
2193 497 2256 536 64.

192 561 360 602 «Gracci
386 570 465 595 non
489 557 733 606 seripserunt
758 556 915 595 satiram
952 556 1164 606 integram,
1197 554 1276 591 hoc
1303 560 1363 591 est
1386 554 1552 591 heroico
1581 563 1774 595 carmine,
1817 549 1888 587 sed
1912 555 2150 607 miscuerunt
2175 560 2258 605 eam

190 608 426 651 comoediis»
441 619 526 644 eam
551 607 783 644 sententiam
808 606 911 645 velle
939 605 1146 652 extricare,
1172 611 1219 641 ut
1243 602 1359 650 dicat,
1386 602 1637 640 hexametros
1663 600 1855 637 immistos
1879 597 2004 636 fuisse
2032 597 2257 635 comoedus.

188 663 231 701 Id
257 659 417 711 quidem
442 664 487 694 ut
503 655 693 694 *efficeret
720 663 858 694 contra
884 655 1151 693 Rem-ensium
1175 665 1265 704 pag.
1280 654 1331 691 81
1350 666 1419 704 sq„
1447 653 1560 690 enixe
1587 650 1788 690 contendit
1810 648 1990 687 Osannus
2015 659 2106 705 pag.
2121 647 2258 705 ῚξειεῙ.ἒ

186 709 428 761 parodorum
452 718 546 743 usus
574 706 776 755 exemplis,
805 704 875 741 sed
900 704 996 740 mihi
1021 716 1216 754 nunquam
1241 702 1516 751 persuadebit,
1545 702 1642 752 quid
1670 700 1775 738 enim
1801 700 1904 748 epici
1930 696 2083 748 parodi,
2110 705 2258 754 etiamsi

187 771 262 810 pro
290 755 459 795 carmine
486 754 691 806 aliquando
719 755 759 790 in
785 754 950 791 theatris
975 752 1131 790 recitati
1163 758 1272 797 sunt,
1313 750 1363 788 ad
1395 758 1568 788 nostram
1593 763 1679 788 rem
1703 747 1934 799 pertinent?
1981 746 2162 783 Correxit
2188 746 2260 783 So·

188 806 372 859 patri-⁹³⁶)
400 798 730 856 φλυακογράφου
764 802 1027 853 fragmentum
1065 800 1169 851 ‘apud
1203 800 1345 838 Athen.
1374 801 1477 840 xlv.
1502 814 1542 850 p.
1567 801 1661 840 656.
1686 798 1714 839 f.
1740 800 1780 835 in
1806 810 1897 835 eum
1938 795 2098 834 modum
2126 795 2257 852 Osan-

189 871 273 906 πως,
299 864 343 894 ut
369 856 640 894 hexametrum
666 852 905 900 conficeret,
932 851 1003 890 sed
1028 850 1122 889 nihil
1148 850 1254 890 aliud
1280 849 1444 889 concedi
1469 856 1624 901 potest,
1653 861 1768 901 quam
1792 860 1871 886 uno
1899 847 2076 885 alterove
2102 844 2190 883 loeo
2218 857 2256 881 m

188 907 249 943 his
286 906 427 943 fabulis
463 905 637 956 positum
676 915 764 940 csse
803 902 1093 948 hexametrum,
1144 910 1188 939 ut
1227 901 1463 937 sublimitate
1497 901 1620 937 risum
1656 900 1882 936 concitaret.
1911 896 1962 935 cf.
1987 895 2142 934 Miiller.
2169 895 2195 934 l.
2221 907 2255 932 c.

187 958 317 994 Pauca
343 968 442 1008 quae
470 960 677 992 servantur
700 951 936 990 Rhinthonis
961 951 1182 1002 fragmenta
1207 949 1377 1002 jambico
1409 957 1537 988 metro
1567 949 1793 999 conscripta
1827 953 1929 987 sunt.
1982 944 2114 983 Habes
2151 955 2260 982 sena-

190 1007 291 1043 rium
318 1006 422 1055 apud
449 1005 627 1044 Ciceron.
654 1003 703 1040 ad
729 1002 849 1039 Attio.
878 1005 920 1048 1.‚
945 1004 1009 1040 20.
1037 1001 1107 1037 ubi
1133 1001 1226 1039 vide
1252 1002 1377 1050 intpp.

681 1065 718 1102 σι’
734 1066 800 1109 μὲν
821 1064 902 1109 παρ’
925 1064 1021 1100 οὐδέν
1042 1063 1141 1107 εἰσιν,
1176 1061 1236 1101 οἷς
1280 1063 1407 1100 δὀὔὸἓν
1427 1065 1521 1108 μέλει

188 1130 262 1165 ritc
291 1126 528 1171 conlectum,
582 1126 622 1160 ui
646 1133 776 1161 tamen
803 1137 849 1160 an
876 1123 1111 1161 Rhinthonis
1137 1121 1273 1170 fuerit,
1299 1136 1380 1160 non
1408 1130 1469 1160 est
1496 1122 1755 1159 certissimum
1782 1120 1835 1158 ob
1854 1121 2058 1158 Ciceronis
2085 1119 2259 1157 dubitan-

187 1186 250 1214 ter
277 1173 465 1212 laudantis
493 1185 563 1211 ver
593 1184 633 1209 a:
678 1179 723 1208 ut
749 1173 802 1209 ait
827 1172 1050 1220 Rhinthon‚
1084 1179 1129 1209 ut
1153 1184 1177 1209 o
1209 1173 1310 1211 inor.
1357 1171 1629 1222 Reperiuntur
1664 1171 1803 1207 senarii
1841 1170 1907 1206 alii
1939 1170 2047 1220 iique
2081 1169 2175 1205 boni
2210 1181 2258 1205 ex

189 1226 394 1274 Meleagro
429 1223 532 1273 apud
559 1221 772 1262 Herodian.
801 1236 841 1272 p.
874 1223 933 1261 19.
962 1223 1027 1260 27.
1055 1223 1117 1261 30.
1147 1235 1170 1259 e
1226 1221 1443 1270 Dindorf.,'
1467 1221 1611 1259 misere
1639 1227 1770 1258 autem
1797 1219 1977 1271 corrupti
2004 1224 2097 1257 sunt
2122 1230 2257 1257 versus

192 1289 236 1311 rx
263 1273 501 1311 Rhinthonis
527 1273 704 1308 Hercule
731 1272 836 1321 apud
862 1272 1005 1308 Athen.
1033 1273 1099 1308 XI.
1126 1285 1165 1320 p.
1193 1273 1281 1308 500.
1308 1270 1335 1307 f.

679 1334 741 1370 Ἐν
763 1334 909 1377 ὑστιακῷ
931 1349 968 1370 τε
989 1333 1148 1378 καθαρὸν
1170 1333 1317 1378 ἐλατῆρα

605 1386 770 1432 καθαρῶν
791 1386 821 1422 τ’
844 1387 981 1431 ἀλήτων
1001 1379 1173 1430 κάλφίτων
1194 1385 1413 1432 ἇπερῤὅφεις.

190 1461 261 1486 nec
297 1447 444 1484 sanavit
479 1458 547 1483 eos
575 1445 752 1483 Osannus
790 1459 830 1496 p.
857 1447 920 1485 71..
949 1444 1157 1482 scribendo
1203 1440 1442 1497 ἒλατ’ριον,
1491 1451 1759 1494 exspectamus
1798 1443 2082 1482 accuratiorem
2119 1444 2255 1493 optimi

190 1498 335 1536 codicis
361 1498 408 1536 A.
439 1496 709 1542 coilationem,
751 1509 866 1546 quam
892 1495 1093 1545 pollicitus
1129 1503 1191 1533 est
1215 1497 1296 1533 Din
1325 1495 1463 1533 orfius:
1512 1496 1698 1533 Ceterum
1733 1494 1817 1544 ipse
1842 1493 2018 1541 Rhintho
2044 1505 2123 1531 non
2149 1504 2258 1531 seve·

146 1592 151 1596 ⁴
189 1550 338 1585 riorum
364 1546 480 1583 metri
505 1546 638 1595 legum
664 1545 871 1602 admodum
899 1545 1079 1582 curiosus
1107 1554 1215 1594 erat,
1241 1546 1348 1597 quod
1374 1546 1461 1596 ipse
1486 1558 1561 1603 per
1586 1545 1719 1594 jocum
1745 1544 1920 1604 enuntiat
1945 1544 1985 1603 in
2009 1555 2130 1582 versu
2155 1543 2255 1603 apud

188 1597 521 1643 Hephaestionem
549 1607 636 1645 pag.
662 1596 698 1631 9.
726 1594 847 1634 Gaisf.
877 1601 985 1644 (pag.
1014 1596 1049 1632 4.
1077 1595 1252 1644 Pauw.)‚
1295 1595 1365 1633 ubi
1399 1602 1492 1645 post
1523 1593 1702 1645 ,jambum
1729 1595 1801 1642 (ως
1829 1607 1876 1632 σε
1901 1594 2105 1638 Διονυσος
2131 1605 2253 1637 αυτος

189 1645 312 1696 ἐξώλη
341 1648 473 1695 θείη),
504 1644 616 1692 eujus
647 1643 768 1680 thesis
796 1644 930 1679 ultima
955 1644 1074 1680 modo
1101 1644 1258 1682 insolita
1283 1645 1443 1681 licentia
1471 1644 1618 1693 corripi
1643 1650 1797 1693 potest,
1824 1644 1882 1681 sic
1905 1644 2057 1694 pergit:
2164 1650 2166 1653 ⁴

680 1705 742 1740 ἴθ’
764 1705 998 1742 Ἱππώνακτος
1019 1709 1059 1749 ³⁷)
1076 1706 1126 1752 7τὸ
1148 1712 1286 1757 μέτρον,
1309 1706 1406 1743 οὐδέν
1425 1721 1488 1751 μοι
1507 1707 1615 1752 μέλει.

190 1782 233 1806 ac
263 1766 446 1818 profecto
474 1767 559 1815 ipsa
583 1776 768 1802 versuum
797 1764 1032 1815 negligentia
1059 1765 1290 1816 quibusdam
1307 1767 1347 1803 in
1373 1767 1470 1804 locis
1492 1766 1572 1805 vim
1583 1766 1769 1803 comicam
1781 1778 1927 1815 augere
1939 1772 2110 1816 poterat.
2135 1766 2170 1803 E
2199 1766 2258 1802 ui-

191 1818 281 1855 dem
308 1815 449 1863 credo,
492 1814 608 1852 etiam
634 1814 706 1851 alia
732 1821 857 1851 metra
883 1813 1068 1863 jambica,
1094 1815 1315 1864 trochaica,
1356 1815 1601 1866 anapaestica
1627 1822 1703 1856 cet.
1732 1830 1753 1852 a
1780 1815 2009 1853 Rhinthone
2035 1827 2122 1853 esse
2149 1829 2169 1852 a
2198 1814 2256 1851 hi-

190 1869 288 1915 bita,
323 1874 368 1903 ut
393 1878 530 1905 verum
558 1864 621 1913 sit,
657 1864 765 1915 quod
790 1864 843 1901 ait
872 1863 1052 1902 Osannus
1078 1864 1153 1902 sibi
1181 1865 1267 1916 ipse
1293 1865 1520 1904 adversatus
1546 1880 1585 1917 p.
1609 1865 1695 1912 71„
1721 1874 1881 1904 metro
1910 1864 2144 1903 Rhinthonis
2169 1864 2257 1903 dra-

189 1925 292 1955 mata
317 1929 394 1953 non
421 1916 661 1965 discrepasse
689 1929 710 1951 a
737 1914 893 1964 vulgata
918 1914 1122 1964 tragoedia
1149 1921 1191 1951 et
1219 1916 1433 1953 comoedia.
1487 1915 1641 2001 {uibus
1669 1916 1719 1952 de
1746 1924 1872 1953 metro
1893 1915 2091 1965 ⁴expositis
2119 1927 2255 1964 super·

192 1975 262 2013 est,
290 1973 333 2003 ut
360 1972 532 2001 erratum
559 1976 645 2000 esse
672 1977 693 2000 a
710 1963 819 2011 Lydo
847 1975 1082 2011 moneamus,
1138 1964 1178 1999 ui
1195 1964 1416 2000 ‘destitutus
1443 1978 1464 2001 a
1519 1977 1592 2002 uce
1619 1967 1691 2002 suo
1717 1966 1874 2001 Donato
1901 1972 2018 2015 atque
2043 1963 2254 2000 hariolatus

190 2016 289 2053 male
317 2013 543 2053 confuderit
568 2015 780 2051 Romanam
806 2013 961 2050 satiram
987 2025 1075 2050 cum
1141 2020 1286 2051 ramate
1313 2013 1478 2063 satyrico
1507 2028 1529 2050 a
1555 2012 1684 2050 fabula
1709 2013 1971 2051 Rhinthonica
1995 2026 2075 2051 non
2099 2013 2252 2051 omnino

191 2065 340 2111 alieno,
385 2064 551 2101 aliorum
578 2062 746 2099 fortasse
773 2061 962 2111 deceptus
998 2062 1192 2111 exemplo.
1220 2076 1257 2101 v.
1282 2064 1466 2099 Reuvens
1494 2076 1543 2112 pa
1575 2093 1582 2099 .
1607 2064 1658 2100 82
1684 2076 1742 2113 sq.
1793 2064 1936 2099 Miiller
1960 2063 1986 2100 l.
2013 2075 2070 2108 c.,
2113 2063 2252 2099 nullam

189 2114 293 2199 {nim
319 2126 405 2150 rem
431 2125 516 2199 εἶδε
543 2120 697 2150 saturae
729 2113 927 2150 Romanae
959 2124 1049 2150 cum
1082 2112 1249 2162 satyrico
1277 2112 1522 2151 Graecorum
1574 2119 1740 2165 ramate,
1785 2111 1965 2151 omnibus
1990 2111 2135 2150 dudum
2161 2125 2254 2162 pro-

217 2164 295 2200 avit
323 2164 444 2200 Casau
474 2174 584 2204 onus.

188 2293 280 2324 lerus
301 2303 339 2335 p.
358 2292 432 2325 365.
454 2290 546 2336 apud
568 2291 716 2334 Hesyeh.
741 2301 768 2324 S.
788 2302 822 2324 v.
845 2289 983 2324 dueum
1008 2288 1178 2331 φιλοσόφῳ
1206 2296 1314 2323 mutat
1336 2291 1372 2323 in
1396 2291 1553 2332 Τηλέφῳ,
1592 2300 1716 2322 vercor
1737 2301 1781 2322 nc
1804 2302 1876 2323 non
1896 2297 2000 2323 reete.
2067 2292 2110 2331 ³⁶)
2132 2291 2255 2324 Jambi-

191 2345 267 2367 cum
292 2338 471 2376 praeterea
501 2338 551 2367 est
572 2333 708 2378 Sopatri
729 2333 956 2378 fragmentum
979 2332 1070 2377 apud
1092 2332 1219 2367 Athen.
1241 2333 1300 2365 111.
1321 2344 1357 2377 p.
1377 2334 1431 2369 86.
1453 2344 1494 2376 a„
1515 2333 1598 2365 item
1619 2332 1735 2366 Scirac
1758 2333 1817 2367 IX.
1839 2345 1875 2378 p.
1895 2335 1970 2375 402.
1991 2333 2028 2368 b.
2069 2333 2119 2366 De
2140 2333 2254 2366 Blaesi

189 2377 265 2408 loco
288 2375 347 2409 XI.
369 2386 404 2417 p.
428 2376 504 2409 487.
527 2384 560 2409 c.
581 2387 653 2408 non
675 2377 795 2419 liquet.
838 2374 1043 2407 Rhinthonis
1071 2375 1342 2418 fragmentorum
1361 2377 1595 2408 collectionem
1618 2386 1820 2419 paucorum,
1856 2387 1945 2419 quae
1977 2380 2129 2416 exstant,
2171 2376 2251 2408 olim

189 2418 243 2451 vir
266 2417 386 2450 doctus
406 2417 561 2468 promisit
583 2418 711 2462 Grysar
739 2417 782 2450 de
803 2417 964 2450 Doriens.
985 2416 1137 2450 comoed.
1158 2422 1242 2451 tom.
1262 2417 1291 2451 I.
1311 2418 1423 2461 praef.
1445 2429 1526 2462 pag.
1549 2417 1609 2452 x1.
1675 2418 1715 2458 ³⁷)
1738 2417 1887 2450 Meti-um
1908 2418 2183 2463 Hipponacteum
2205 2423 2253 2450 est

191 2460 354 2502 jambicus
382 2466 537 2493 trimeter
558 2461 720 2498 'claudus,
756 2460 799 2493 de
828 2472 899 2505 quo
921 2459 978 2492 adi
1000 2459 1190 2495 Hermann.
1212 2460 1370 2495 clement.
1395 2460 1503 2495 doctr.
1525 2466 1624 2496 metr.
1644 2473 1677 2505 p.
1703 2462 1765 2497 142
1786 2473 1837 2505 sq.
1877 2460 1973 2504 Idem
1996 2471 2115 2493 versus
2137 2466 2254 2493 noster

190 2502 355 2534 excitatur
376 2502 411 2534 in
433 2502 607 2535 anecdotis
628 2503 775 2535 Behkeri
797 2502 946 2535 tom-Ill.
967 2504 1106 2545 p.¹176.
1128 2502 1200 2534 sine
1222 2503 1352 2547 syllaba
1372 2500 1434 2536 ἴθ’
1457 2504 1504 2535 ob
1526 2515 1578 2535 κτ.
1600 2501 1665 2544 τήν
1685 2502 1802 2544 κοινήν
1824 2501 1992 2545 συλλαβὴν
2013 2500 2251 2536 &aneuz-va.

191 2544 233 2575 cs.
255 2543 420 2578 Schaeser
446 2544 487 2576 ad
516 2545 665 2588 Gregor.
688 2544 843 2578 Corinth.
863 2556 899 2588 p.
920 2548 995 2580 873.
1016 2543 1119 2587 Apud
1142 2544 1375 2577 Herodianum
1398 2545 1433 2576 in
1455 2545 1571 2577 codice
1593 2545 1687 2579 Leid.
1711 2556 1772 2578 ms.
1793 2546 1837 2578 ob
1860 2557 1914 2578 ατ.
1936 2545 2096 2578 laudatur
2116 2554 2251 2577 versus:

191 2583 425 2620 Ἱππώνακτος
445 2584 485 2619 τό
506 2586 651 2627 μέτρον,
674 2585 769 2620 οὗὸέν
788 2599 851 2628 μοι
870 2589 975 2629 μέγα,
1013 2586 1073 2618 ubi
1094 2585 1189 2627 μέλει
1210 2587 1367 2631 reposuit
1387 2587 1605 2619 Valckenaer
1633 2586 1677 2619 ad
1694 2588 1813 2630 Eurip.
1833 2587 2011 2623 phoeniss.
2057 2611 2068 2621 .
2089 2589 2160 2631 509.
2187 2586 2253 2618 He·

191 2626 424 2672 phaestionem
445 2634 597 2668 secutus,
621 2635 654 2661 ct
677 2626 770 2671 παριὶ
798 2632 957 2672 Τυρίνθᾳ
977 2634 1071 2661 recte
1091 2628 1235 2661 mutavit
1263 2629 1299 2661 in
1334 2627 1427 2672 παρὰ
1459 2626 1508 2672 τῷ
1535 2628 1711 2665 ‘Plu-tom.
1736 2647 1775 2654 —·
1802 2629 1894 2662 Male
1915 2599 2088 2663 Herald'us
2108 2627 2252 2662 Amobii

191 2669 296 2701 verba
319 2671 396 2706 adv.
420 2677 511 2716 gent.
534 2671 589 2709 V„
611 2674 686 2705 21.:
728 2678 801 2704 tum
823 2672 920 2704 illum
938 2671 1117 2704 citabimus
1143 2672 1364 2704 Tarentinum
1384 2678 1573 2717 notumque
1595 2672 1781 2711 senarium,
1824 2682 1928 2716 quem
1950 2672 2131 2716 antiquitas
2163 2671 2255 2704 canit

190 2711 329 2745 dicens}
344 2717 499 2747 taurus
522 2712 750 2746 draconem
767 2714 929 2759 *genuit
950 2719 992 2746 et
1012 2719 1184 2746 taurum
1206 2714 1338 2747 draco
1361 2714 1518 2759 explicat,
1540 2715 1621 2747 dum
1638 2725 1754 2747 versus
1776 2720 1951 2747 auctorem
1972 2720 2071 2759 putat
2090 2713 2256 2748 Rhintho-

190 2765 287 2788 nem..
309 2754 448 2789 Rectius
470 2757 527 2790 alii
547 2756 824 2789 Tarentinum
845 2763 1021 2790 mutarunt
1041 2756 1078 2788 in
1099 2756 1261 2791 tritum.
1282 2757 1327 2792 cf.
1347 2758 1397 2790 int
1424 2769 1509 2801 p.—
1536 2758 1677 2790 Praeter
1699 2758 1892 2803 fragmenta
1912 2758 2066 2797 metrica,
2087 2768 2107 2791 e
2127 2757 2255 2803 quibus

189 2797 391 2829 Rhinthonis
418 2798 594 2842 ingenium
615 2800 746 2831 censeri
767 2799 904 2844 nequit,
930 2805 1101 2833 servatum
1124 2805 1174 2832 est
1195 2799 1268 2841 ejus
1290 2799 1467 2833 dicterium
1489 2800 1580 2843 apud
1603 2802 1755 2835 Varron.
1777 2801 1820 2833 de
1841 2811 1882 2833 re
1903 2807 1989 2836 rust.
2012 2801 2087 2839 111..
2108 2802 2159 2835 &a
2193 2810 2254 2833 sun

190 2838 271 2871 nihil
293 2838 467 2878 iuteresse,
489 2847 604 2873 utrum
624 2841 772 2886 piscibus
794 2841 969 2880 (nimirum
990 2841 1094 2874 scaris
1108 2851 1148 2873 ac
1164 2841 1364 2885 mugilibus)
1385 2848 1543 2886 stagnum
1565 2842 1690 2875 haheat
1711 2843 1853 2887 plenum
1875 2853 1920 2875 au
1940 2843 2042 2878 ranis.
2064 2842 2253 2877 Columella

182 2878 289 2921 vul„
313 2879 366 2916 16.
391 2886 513 2926 poetae
536 2883 707 2916 lasciviam
738 2883 986 2929 significaturus
1013 2883 1078 2917 ait:
1120 2883 1236 2917 nullus
1265 2890 1315 2918 est
1339 2884 1405 2923 hoc
1426 2884 1566 2918 saeculo
1587 2885 1716 2919 nebulo
1739 2896 1777 2918 ac
1802 2884 1954 2921 Rhintho
1978 2890 2046 2921 cet.
2085 2883 2253 2918 Videmus

2344 0 2468 252 ἲ
