2468 3070
1179 26 1274 67 aa
1389 18 1394 22 *
1484 4 1503 11 ·‘
1955 22 1960 28 -
2160 0 2465 49 aymam

1097 69 1308 92 -ιὰ-ι-

1254 107 1260 115 ι
2188 106 2196 127 .’
2207 124 2224 129 ,,
2242 109 2252 124 0

180 158 221 195 p.
245 144 336 183 246.
366 144 416 194 ³),
437 149 569 192 neque
594 148 671 188 ego
696 150 867 189 unquam
893 135 1019 174 fuisse
1045 134 1256 187 proprium
1279 132 1720 190 quendepfl'arentinis
1745 137 1787 175 in
1809 131 2046 178 festivitates
2070 127 2242 226 pron}
2324 148 2346 153 ”

188 205 275 230 sum
300 192 467 229 anisium
491 187 739 238 negaverim,
791 185 909 223 modo
936 197 986 222 ne
1012 183 1145 234 dieas,
1168 220 1172 225 ,
1195 184 1237 223 id
1260 183 1595 236 petinetQRuriae
1620 192 1739 237 atque
1755 187 2075 238 magnificentiae
2110 195 2176 226 stu
2217 201 2242 226 o

189 254 311 294 quam
331 251 467 277 rerum
491 235 801 276 memorabilium
828 232 1119 274 conservandae
1139 234 1363 275 memoriae·
1384 242 1503 272 eausa
1534 232 1681 272 {actum
1707 247 1806 273 esse.
1857 239 1948 276 Hoc
1973 238 2077 276 enim
2100 236 2245 287 probat

188 289 344 330 Aeliani
367 289 419 329 V.
444 288 496 326 H.
522 288 585 333 V..
609 287 673 324 20.
699 286 831 334 locus,
867 285 937 337 qui
960 285 1015 322 ita
1040 283 1174 329 tradit,
1198 283 1422 336 Rheginos,
1512 296 1579 321 um
1603 284 1808 322 Tarentini
1833 297 1856 323 a
1879 287 2065 325 Romanis
2090 285 2245 325 obside-

188 344 329 376 rentur
354 344 396 375 et
419 334 523 373 fame
548 335 676 373 coacti
700 334 751 372 de
776 335 790 372 i
820 348 862 373 sa
888 334 1090 372 deditione
1116 334 1359 384 cogitarent,
1393 332 1474 384 pub
1493 334 1553 371 'ce
1579 333 1823 381 decrevisse,
1857 342 1904 372 ut
1928 335 2033 373 diem
2057 336 2245 374 decimam

153 383 165 392 ‘
267 397 385 438 mque
424 385 515 423 cibo
542 384 650 422 cives
674 383 775 421 absti
802 390 914 421 erent
945 394 1115 441 eumque
1141 382 1362 420 Tarentinis
1397 382 1675 423 concederent.
1728 382 1985 437 Quapropter
2016 383 2246 423 abeuntibus

191 398 377 474 gusmanis
400 435 462 472 rei
485 434 717 471 memoriam
742 440 971 471 servaturus
996 431 1135 482 jejunii
1160 430 1305 469 festum
1339 429 1421 483 τήν
1453 430 1715 483 καλουμένην
1740 433 1938 483 &nove-low
1967 434 2140 484 populus
2165 433 2246 470 Ta—

191 486 367 522 rentinus
401 483 571 521 instituit
597 482 646 531 ⁴¹).
698 481 762 520 Ad
786 482 892 521 varia
916 480 1105 519 solemnia
1130 488 1310 531 spectare
1337 482 1477 521 varia
1509 481 1787 530 attributa,
1814 495 1914 534 quae
1946 496 2061 521 manu
2092 480 2248 533 praefe-

190 542 344 571 rentem
380 533 640 584 conspicimus
681 532 723 569 in
760 531 925 569 nummis
952 532 1164 568 Tarantem
1199 531 1402 581 antiquum
1442 530 1609 569 heroem
1648 531 1757 580 (vide
1782 544 1855 569 nos
1881 532 1931 570 de
1958 532 2065 572 civit.
2090 535 2246 571 Tarent.

190 595 272 622 var.
298 584 413 631 loc.)‚
448 582 593 620 merito
621 580 794 630 conjecit
819 578 1050 620 Eckhelius.
1104 579 1237 636 Quum
1263 593 1378 618 uvam
1404 587 1470 617 aut
1497 580 1641 619 dictam
1669 587 1857 629 ostentat,
1899 580 2120 619 indicantur
2144 581 2248 619 Dio-

189 632 310 681 nysia,
334 644 426 671 cum
452 630 661 669 tridentem
685 630 905 681 Neptunia,
957 641 1048 667 cum
1072 627 1222 669 clavam
1246 630 1458 679 Heraclea,
1509 643 1597 669 cum
1623 630 1823 681 tripodem
1848 631 2111 681 Apollinaria‚
2161 643 2248 669 cum

191 693 376 720 coronam
408 682 625 738 praemium
656 680 803 717 victori
836 679 970 716 datum
1003 685 1105 725 cet..
1212 691 1353 726 orum}
1425 680 1532 716 nium
1570 682 1716 727 Taras,
1746 680 1893 730 quippe
1920 679 2029 716 urbis
2056 678 2250 724 conditor,

191 730 299 768 velut
321 730 383 777 ln
424 737 492 767 tor
516 737 556 767 et
581 735 720 766 auctor
745 727 1048 779 significaretur.
1098 728 1157 765 Ec
1213 728 1259 771 el,
1287 741 1335 768 ve
1394 729 1516 769 ‘²num.
1543 728 1679 769 anecd.
1707 742 1746 778 p.
1762 729 1824 769 33.
1851 727 1903 767 cf.
1931 727 2061 766 doctr.
2090 741 2196 768 num.
2219 730 2248 768 1.

189 793 230 828 p.
255 778 370 818 1403.
436 780 543 817 asch.
569 779 683 818 lexic.
710 778 777 823 V..
804 779 842 817 1.
870 791 911 827 Ρ.
937 777 1028 816 51⁰.
1080 779 1123 813 111
1147 777 1209 814 his
1241 778 1339 814 nihil
1371 779 1516 814 mirum
1550 784 1633 824 est,
1683 790 1748 814 sae
1779 777 1839 814 ius
1870 777 2030 814 Tarenti
2064 777 2250 813 attributa

192 839 293 877 esse,
320 840 422 879 quae
448 828 496 865 ad
523 827 702 866 diversos
728 826 840 864 Deos
866 827 1077 877 pertinent,
1102 825 1160 864 sic
1187 826 1412 877 saepissime
1437 826 1649 865 tridentem
1676 834 1716 865 et
1768 827 1887 865 iotam
1900 826 2093 864 Mionnet.
2120 825 2248 865 deser.

190 890 297 915 num.
332 885 430 916 tom.
465 880 491 921 1,
525 890 568 926 p.
597 877 687 914 188.
723 877 813 914 141.
842 877 931 915 143.
960 877 1047 916 145.
1073 876 1159 914 146.
1197 876 1399 926 Supplem.
1435 883 1529 916 tom.
1558 878 1588 915 1.
1619 889 1708 926 pag.
1735 877 1821 914 277.
1847 877 1936 916 279.
1961 876 2048 915 282.
2076 876 2152 912 284
2176 887 2252 926 sq.,

190 926 409 963 tridentem
435 933 476 963 et
500 938 617 964 uvam
642 924 740 962 ibid.
768 938 806 975 p.
833 925 936 972 288..
975 927 1168 976 polypum
1200 931 1242 962 et
1277 925 1436 963 calicem
1462 938 1501 984 p.
1526 926 1637 973 281.‚
1672 924 1978 976 gubernaculum
2016 931 2057 962 et
2097 923 2252 964 dictam.

191 976 382 1017 Mionnet.
411 976 441 1016 Ι.
464 989 503 1026 Ρ.
518 976 607 1014 141.
633 974 819 1024 Jungitur
843 987 934 1023 cum
960 975 1135 1018 tridente
1158 975 1309 1024 >tripus‚
1346 976 1542 1026 Apollinis
1568 976 1719 1026 signum
1744 975 1838 1016 ibid.
1866 989 1904 1025 p.
1932 966 2020 1015 144.
2049 973 2252 1023 Supplem.

192 1038 235 1075 p.
260 1026 376 1071 29⁰„
411 1032 477 1061 aut
503 1025 611 1062 clava
635 1024 833 1060 Heraclea
857 1024 1049 1062 Mionnet.
1075 1026 1104 1063 1.
1132 1036 1172 1073 p.
1200 1025 1309 1070 145„
1343 1031 1409 1061 aut
1436 1024 1593 1061 Cereris
1619 1036 1741 1062 cornu
1767 1024 1904 1074 copiae
1931 1023 2071 1073 Suppl.
2098 1035 2140 1072 p.
2165 1021 2252 1061 285.

194 1075 294 1113 Cum
320 1073 429 1111 diota
454 1072 706 1124 conjungitur
740 1078 903 1121 praeter
937 1072 1150 1110 tridentem
1176 1084 1302 1110 cornu
1326 1075 1466 1124 copiae
1491 1073 1671 1111 Mionnet
1694 1076 1722 1111 1.
1744 1086 1786 1132 p.
1813 1075 1899 1111 149.
1923 1072 2062 1123 Suppl.
2086 1085 2127 1122 p.
2152 1071 2255 1118 m,

199 1130 242 1161 et
271 1122 337 1162 vix
362 1122 468 1160 aliud
495 1122 560 1160 dei
586 1121 817 1179 symbolum.
870 1121 1018 1171 'l'ripus
1043 1122 1119 1159 nisi
1145 1123 1432 1160 cum-tridente
1460 1135 1550 1159 cum
1575 1123 1660 1159 aliis
1676 1124 1755 1160 Bel
1781 1123 2011 1173 cujusquam
2034 1121 2154 1170 signis
2179 1132 2257 1157 non

194 1172 387 1218 occurrit,
412 1184 487 1209 nec
511 1183 631 1221 magls
658 1171 765 1208 clava
792 1177 833 1207 et
858 1181 984 1207 cornu
1010 1171 1162 1220 copiae.
1215 1172 1361 1209 Contra
1385 1171 1563 1212 Victoria
1589 1171 1814 1223 adjungitur
1842 1171 1965 1210 cuivis
1990 1170 2069 1207 Dei
2094 1169 2257 1220 alicujus

196 1221 413 1269 attributo,
457 1221 607 1272 quippe
633 1218 850 1270 significans
876 1219 1070 1256 victorem
1096 1219 1137 1255 in
1162 1219 1286 1266 ludis3
1338 1220 1397 1258 sic
1422 1233 1510 1257 cum
1536 1220 1710 1258 tridente
1735 1221 1912 1258 Mionnet
1937 1222 1966 1259 Ι.
1988 1233 2029 1268 Ρ.
2054 1220 2141 1258 142.
2167 1218 2255 1257 145.

196 1277 239 1306 et
266 1281 393 1305 cornu
419 1271 557 1318 copiae
583 1268 676 1305 ibid.
703 1281 746 1316 p.
766 1269 855 1306 146.
882 1268 1085 1316 Supplem.
1113 1280 1156 1317 p.
1175 1269 1265 1305 289.
1291 1269 1511 1319 eodemque
1535 1268 1656 1305 modo
1682 1280 1829 1306 corona
1855 1280 1944 1305 cum
1966 1267 2138 1304 tridente
2163 1265 2258 1305 ibid.

195 1331 238 1369 p.
262 1318 351 1358 283.
402 1318 489 1355 Alia
515 1316 737 1355 consociata
763 1317 870 1353 inter
893 1328 936 1353 se
962 1316 1151 1354 attributa
1176 1316 1226 1354 ad
1250 1330 1371 1354 unum
1396 1324 1548 1355 tantum
1576 1317 1694 1355 deum
1719 1324 1910 1368 spectant,
1934 1316 2058 1355 veluti
2084 1315 2132 1353 ad
2156 1316 2259 1365 Nep-

196 1375 335 1404 tunum
359 1367 509 1404 tridens
545 1379 632 1403 cum
668 1373 846 1401 monstro
876 1365 1027 1401 marino
1055 1366 1244 1403 Mionnet.
1272 1373 1368 1402 tom.
1398 1368 1434 1402 1.
1458 1379 1498 1415 p.
1523 1368 1611 1403 143.
1637 1368 1723 1403 145.
1752 1367 1957 1416 Supplem.
1980 1378 2022 1415 p.
2049 1366 2158 1412 291„
2195 1363 2259 1401 vel

197 1415 351 1454 tridens
385 1422 427 1453 et
462 1413 713 1453 acrostolium
740 1412 835 1451 ibid.
863 1425 905 1463 Ρ.
930 1413 1039 1459 289.,
1088 1413 1154 1451 vel
1188 1412 1294 1451 idem
1331 1413 1483 1453 tridens
1520 1421 1562 1452 et
1593 1414 1681 1453 vela
1715 1415 1904 1453 Mionnet.
1932 1421 2026 1452 tom.
2050 1415 2081 1454 Ι.
2106 1427 2145 1463 Ρ,
2171 1413 2256 1451 147.

199 1465 280 1502 Sed
304 1466 428 1502 multa
460 1471 667 1514 praeterea
700 1462 839 1500 eodem
873 1461 992 1500 modo
1029 1461 1249 1511 finguntur,
1299 1474 1428 1514 neque
1466 1463 1546 1506 ulla
1577 1464 1618 1500 in
1647 1464 1695 1501 iis
1731 1463 1974 1514 conspicitur
2007 1468 2143 1507 rerum
2177 1460 2259 1498 affi-

198 1514 299 1551 nitas
328 1516 342 1538 ⁵
366 1542 375 1553 .

343 1516 541 1601 >solebant
566 1561 733 1597 deorum
759 1561 946 1597 solemnia
971 1561 1165 1598 celebrari
1189 1562 1309 1598 sacris
1334 1561 1460 1607 ludis,
1485 1563 1545 1598 uti
1569 1562 1619 1599 de
1644 1562 1840 1611 Dionysiis
1865 1561 2161 1612 liquidissimum
2188 1567 2260 1606 est,

202 1624 302 1663 quae
328 1618 471 1661 quanta
494 1610 697 1645 hominum
721 1609 939 1658 petulantia
967 1615 1053 1644 acta
1078 1608 1179 1654 sint,
1221 1620 1271 1644 ex
1296 1621 1345 1645 eo
1372 1608 1475 1645 bene
1512 1617 1684 1659 constat,
1726 1609 1835 1661 quod
1856 1611 2123 1660 Romanorum
2150 1608 2262 1646 classi

204 1660 361 1700 accidit..
385 1657 639 1696 a'rarentinis
665 1657 758 1694 dum
784 1656 899 1694 ludos
925 1657 966 1693 in
991 1655 1149 1694 theatro
1176 1657 1380 1694 celebrant
1406 1666 1652 1706 conspectae,
1676 1659 1808 1708 Atque
1832 1660 1910 1694 hoc
1937 1659 2094 1714 quidem
2119 1657 2263 1693 factum

205 1717 266 1747 est
291 1709 396 1744 inter
421 1708 505 1764 ipsa
530 1706 784 1754 Bacchanalia
809 1705 920 1743 Flor.
935 1706 981 1750 1..
1004 1706 1068 1745 18.
1095 1704 1174 1742 Dio
1202 1705 1306 1745 Cass.
1321 1704 1458 1754 fragm.
1471 1707 1637 1753 CXLV„
1661 1707 1706 1753 1,’
1726 1718 1847 1756 quum
1873 1705 1983 1743 ebria
2008 1711 2114 1743 esset
2137 1703 2264 1742 ferme

204 1758 389 1797 universa
415 1754 551 1793 civitas
577 1754 687 1799 (vide
715 1753 765 1790 de
793 1753 902 1793 civit.
933 1755 1091 1791 Tarent.
1117 1767 1159 1804 Ρ.
1185 1754 1282 1802 25.),
1308 1753 1376 1791 sed
1403 1754 1498 1791 alios
1525 1754 1601 1791 sibi
1625 1753 1737 1805 fingit
1761 1754 1990 1803 Tarentinos
2014 1754 2129 1791 ludos
2152 1754 2266 1791 Plau-

205 1815 271 1844 tus
297 1804 539 1842 Menaechm.
565 1804 725 1852 prolog.
750 1804 812 1839 29.
862 1802 1108 1840 Adamavere
1148 1802 1251 1838 enim
1289 1803 1395 1839 cives
1420 1814 1517 1853 prae
1542 1803 1687 1840 ceteris
1715 1810 1983 1854 equestres
2008 1802 2175 1851 ludos,
2216 1802 2265 1840 de

206 1855 348 1908 quibus
376 1853 450 1891 etsi
476 1865 498 1890 a
522 1851 724 1891 veteribus
751 1850 1013 1901 scriptoribus
1039 1850 1224 1889 disertius
1250 1864 1327 1888 non
1352 1859 1412 1889 est
1436 1852 1635 1900 traditum,
1661 1860 1814 1891 constat
1838 1859 2004 1890 tamene
2020 1864 2266 1891 nummorum

207 1906 324 1955 eopia
349 1903 398 1940 ad
425 1902 511 1951 ejus
537 1903 694 1951 generis
720 1901 834 1938 ludos
862 1901 1135 1950 spectantium,
1162 1900 1294 1937 addito
1312 1901 1557 1951 magistratus
1570 1901 1739 1948 nomine,
1766 1901 1831 1938 cui
1853 1903 1892 1938 in
1917 1901 2018 1939 ludis
2030 1901 2267 1951 praesidium

208 1955 326 1992 esset.
380 1950 631 2000 Conspicitur
653 1951 698 1986 in
723 1949 890 1986 nummis
918 1949 1045 1999 figura
1071 1951 1265 2000 equestris
1293 1956 1478 1987 coronata
1503 1963 1525 1987 a
1550 1951 1728 1990 Victoria
1754 1950 1943 1988 Mionnet.
1964 1958 2061 1990 tom.
2075 1951 2105 1987 Ῑ.
2122 1964 2164 2000 p.
2175 1950 2267 1999 130.

208 2002 349 2052 Suppl.
374 2003 404 2040 1.
428 2013 468 2049 p.
494 2001 583 2038 281.
607 2000 711 2043 285..
747 2006 788 2034 et
814 1999 973 2049 quidem
1012 1999 1053 2034 in
1088 1999 1176 2084 ipgsg
1204 2010 1323 2034 cursu
1349 1999 1534 2036 Mionnet.
1562 2001 1592 2038 1.
1619 2012 1662 2050 Ρ.
1688 1999 1801 2046 142.,
1825 1999 1890 2037 vel
1918 2011 2040 2057 eques
2068 2000 2153 2049 ipse
2178 1995 2267 2044 sese
2308 2032 2315 2038 ,

209 2062 405 2089 coronans
445 2048 542 2088 ibid.
569 2061 609 2098 p.
635 2048 723 2087 142.
750 2048 837 2087 143.
865 2047 1004 2097 Suppl.
1030 2060 1072 2097 p.
1176 2077 1185 2086 .
1215 2047 1274 2092 (in
1300 2047 1472 2096 capitulo
1503 2048 1706 2085 columnae
1762 2048 1898 2101 esitus¹
1923 2061 1957 2085 si
1980 2055 2092 2086 recte
2111 2047 2268 2094 conffl-

209 2103 308 2149 tur),
334 2099 399 2138 vel
424 2111 542 2135 manu
568 2109 754 2135 coronam
779 2105 916 2134 tenens
942 2097 1036 2133 ibid.
1062 2110 1102 2146 p.
1122 2097 1210 2133 283.
1221 2097 1307 2133 286.
1337 2098 1398 2144 (et
1423 2108 1564 2133 cervus
1589 2109 1710 2145 super
1764 2099 1840 2144 ac),
1865 2098 1932 2135 vel
1955 2098 2120 2146 palmam
2145 2091 2269 2137 Min·

211 2157 294 2189 net,
328 2162 370 2197 p.
395 2147 481 2183 141.
516 2147 603 2183 143.
636 2146 775 2194 Suppl.
801 2146 910 2190 Q„
961 2146 1025 2182 vel
1066 2151 1156 2181 ante
1193 2145 1368 2194 equitem
1402 2144 1513 2181 volat
1548 2146 1724 2184 Victoria
1762 2156 1948 2182 coronam
1992 2152 2130 2182 tenens
2175 2144 2269 2182 ibid.

212 2211 252 2250 p.
276 2198 366 2239 aet
395 2195 429 2244 ⁰)
483 2194 673 2233 Occurrit
711 2193 807 2232 item
834 2195 954 2231 Taras
981 2200 1192 2232 coronatus
1217 2206 1239 2230 a
1264 2193 1443 2234 Victoria
1463 2194 1605 2253 Suppl.
1630 2194 1716 2234 278.
1742 2194 1830 2243 282.
1856 2194 1956 2243 288„
1984 2194 2049 2233 vel
2075 2208 2164 2233 cum
2189 2195 2269 2234 sola

213 2260 362 2286 corona
396 2247 580 2285 Mionnet.
606 2247 635 2285 1.
668 2258 708 2294 p.
735 2246 822 2285 146,
860 2244 998 2293 Suppl.
1024 2245 1111 2283 283.
1136 2244 1237 2290 291„
1263 2244 1329 2282 vel
1356 2255 1445 2280 cum
1479 2245 1658 2284 Victoria
1681 2244 1867 2281 Mionnet.
1892 2257 1934 2293 p.
1961 2245 2047 2280 142.
2074 2245 2159 2282 145.
2184 2246 2270 2281 146.

215 2331 445 2367 lantiadarum
469 2342 609 2365 nomen.
632 2331 715 2365 ibid.
764 2355 771 2363 .
794 2333 836 2367 66
850 2343 904 2376 sq.
947 2333 976 2373 ³)
997 2331 1045 2365 Ut
1065 2331 1120 2364 vel
1137 2330 1355 2374 Olympiades
1376 2332 1619 2376 Neapolitanae
1640 2331 1760 2366 seriori
1782 2336 1938 2375 tempore
1960 2336 2174 2373 computatae
2195 2330 2271 2364 sint.

218 2378 271 2408 De
301 2375 488 2407 certamine
522 2374 570 2406 sic
599 2374 724 2406 Strabo
738 2344 774 2406 q.
797 2386 828 2406 c.
851 2371 1086 2416 πεντετηρικόσ
1113 2372 1202 2427 ιἐςόε
1232 2372 1324 2416 αἰγῶν
1356 2373 1517 2416 μουσικός
1550 2386 1588 2408 τε
1615 2377 1673 2407 και·
1696 2371 1856 2417 γυμναός
1886 2372 1943 2406 ἐπὶ
1977 2371 2112 2409 πλειους
2132 2370 2271 2415 riuique,

220 2415 395 2461 ἐνάμιλλος
423 2417 497 2450 τοῖς
526 2414 811 2458 ἐπιφανεστάτοις
841 2413 912 2450 τῶν
940 2413 1025 2450 narsi
1063 2412 1127 2457 τήν
1157 2414 1306 2452 Ελλάδα.
1331 2418 1374 2449 cf.
1395 2417 1535 2462 Ignarra
1560 2428 1595 2466 p.
1623 2412 1683 2449 108
1706 2426 1757 2460 sq.
1822 2417 1852 2453 ⁴)
1876 2414 1982 2448 Aliud
2008 2416 2272 2448 Tarentinorum

220 2461 355 2497 festum,
387 2459 441 2490 cui
463 2457 590 2491 Θαιλία
612 2469 755 2494 nomen,
793 2459 894 2499 quale
915 2458 1020 2489 fuerit
1038 2458 1169 2489 nescio.
1213 2460 1308 2490 Haec
1333 2464 1412 2489 sunt
1433 2459 1504 2490 Hes
1528 2459 1593 2488 chii
1615 2459 1738 2490 verba:
1782 2456 1908 2491 Θαυλὶα
1928 2455 2031 2499 ἑορτή
2058 2458 2270 2497 Ταραντῖνοι,

223 2498 366 2540 αἰχ-θεῖσα
386 2496 458 2532 ὕπὸ
477 2497 632 2533 Κτεάτου
654 2497 738 2542 παρ’
759 2496 778 2531 ὃ
799 2502 855 2532 καὶ
877 2497 1052 2538 θαυλίζειν
1072 2496 1180 2541 λέγειν
1199 2496 1279 2533 τούς
1299 2501 1452 2542 Δωριεῖς.
1495 2470 1577 2533 ἐπεὶ
1598 2499 1751 2547 solemne
1771 2495 1894 2535 Δαῧλις
1914 2498 2006 2544 apud
2028 2497 2175 2549 Argivos
2187 2521 2197 2538 ‚
2233 2504 2274 2531 ut

221 2542 336 2576 retulit
365 2542 553 2585 Hesychius
574 2552 601 2574 ε.
622 2553 671 2581 v..
709 2542 752 2574 de
775 2552 846 2584 quo
876 2541 942 2573 hoc
970 2542 1048 2573 loco
1068 2552 1140 2573 non
1162 2542 1302 2585 cogitari
1323 2547 1448 2584 potest.
1488 2543 1595 2574 Recte
1616 2541 1886 2574 animadversum
1932 2546 1992 2573 uto
2018 2541 2061 2573 ab
2083 2540 2274 2582 interpreti·

222 2583 298 2621 bus,
317 2593 436 2615 vocem
466 2584 668 2625 Ταραντῖνοι
688 2583 868 2626 pertinere
887 2582 930 2614 ad
952 2583 1097 2626 glossam
1117 2582 1381 2625 praecedentem
1402 2582 1628 2623 θανλακίζειν.
1669 2583 1806 2618 cteatus
1832 2582 1892 2627 qui
1917 2593 1971 2614 am
1992 2586 2199 2614 memoratus
2224 2587 2275 2614 est

222 2623 260 2655 in
280 2623 384 2655 Iliade
404 2624 460 2664 11„
481 2626 557 2658 621:
577 2625 620 2658 cf.
644 2625 756 2668 Heyn.
777 2624 821 2657 ad
841 2623 1005 2668 Apollod.
1026 2623 1082 2664 11„
1102 2634 1135 2666 7,
1152 2634 1185 2660 ².
1226 2626 1255 2664 ⁵)
1278 2625 1335 2658 Sic
1357 2625 1453 2658 colus
1475 2637 1552 2659 cum
1573 2626 1667 2658 hasta
1687 2625 1845 2658 Mionnet
1866 2625 1895 2659 Ι.
1914 2635 1949 2667 Ρ.
1971 2625 2044 2668 189,
2062 2635 2139 2656 cum
2159 2622 2273 2656 Victo-

223 2664 275 2696 ria
296 2664 379 2698 ibid.
399 2678 433 2708 p.
456 2670 539 2708 141.,
561 2678 637 2698 cum
660 2666 843 2699 acrostolio
868 2668 952 2706 143..
973 2676 1050 2698 cum
1072 2665 1164 2698 diota
1187 2668 1356 2709 142146„
1377 2678 1455 2699 cum
1475 2678 1541 2700 uva
1570 2666 1642 2709 145.
1662 2667 1843 2712 Supplem.
1859 2678 1895 2711 Ρ.
1918 2665 1992 2706 ²83,
2014 2676 2091 2698 cum
2113 2665 2272 2710 delphino

224 2706 312 2740 ibid.
333 2718 368 2750 p.
390 2717 476 2748 277..
521 2708 577 2740 vel
599 2708 695 2741 susus
719 2720 794 2741 cum
817 2708 921 2743 diota.
942 2720 980 2753 Ρ.
999 2709 1090 2749 288.,
1132 2713 1225 2742 temo
1247 2715 1282 2742 et
1302 2720 1411 2742 cornu
1431 2710 1550 2755 copiae
1571 2710 1731 2744 Mionnet
1751 2710 1781 2745 1.
1802 2721 1838 2754 Ρ.
1861 2709 1949 2752 142.,
1993 2707 2084 2742 diota
2106 2713 2140 2741 et
2160 2708 2274 2752 scipio.

223 2749 346 2823 Suppl.
367 2760 404 2792 Ρ.
425 2752 496 2791 287.
522 2792 529 2799 .
579 2751 607 2792 ⁶)
630 2751 799 2784 Exhibent
819 2754 948 2784 nummi
972 2751 1072 2784 etiam
1095 2751 1246 2802 equitem
1266 2753 1465 2786 subversum
1487 2763 1591 2797 super
1612 2763 1715 2797 equo.
1755 2752 1925 2785 Mionnet.
1944 2750 1973 2785 1.
1996 2762 2033 2793 Ρ.
2049 2752 2119 2791 143.
2160 2752 2274 2785 Homo

223 2803 274 2824 nu
298 2802 339 2822 us
353 2798 450 2833 ‘equo
472 2792 615 2824 insidens
637 2794 719 2826 ibid.
740 2806 775 2836 p.
798 2796 868 2835 144.
890 2794 1005 2826 nescio
1034 2804 1079 2826 an
1108 2800 1151 2826 sit
1172 2796 1292 2834 Taras,
1335 2799 1428 2827 certe
1455 2794 1545 2827 idem
1575 2794 1782 2837 conspicitur
1810 2803 1830 2826 e
1878 2803 1936 2824 um
1964 2801 2062 2824 suum
2097 2803 2275 2828 coronans·

223 2832 348 2879 Suppl.
369 2832 396 2864 I·
418 2843 456 2876 Ρ.
477 2829 551 2867 286.
565 2832 607 2865 Iu
627 2845 766 2868 nummo
788 2835 975 2869 Heracleae
996 2836 1162 2871 Hercules
1189 2847 1230 2870 se
1249 2842 1408 2878 coronat,
1445 2837 1482 2870 in
1503 2836 1571 2871 alio
1593 2841 1779 2870 coronatur
1799 2846 1820 2869 a
1876 2833 1997 2867 ictoria
2018 2834 2197 2869 columnae
2218 2845 2276 2867 or-
