2468 3070
0 2706 8 3070 w—vw-v--.-v-..-
0 2628 4 2694 „v-
0 2589 3 2614 ..a
0 2561 2 2578 ἡ.
0 2543 1 2546 Α
0 2508 2 2518 Α,
0 2489 2 2492 ,

219 146 393 186 aboletas
421 139 726 180 consuetudines
753 138 947 186 Graecas,
976 137 1038 175 'sic
1062 148 1157 184 nos,
1190 149 1240 174 ex
1264 149 1344 189 quo
1370 136 1522 176 theatra
1547 137 1728 176 barbarie
1753 145 1941 188 corrupta
1967 145 2055 176 sunt
2081 146 2122 176 et
2147 139 2281 189 ingens

221 196 297 234 fuit
322 191 532 230 discrimen
558 190 739 240 publicae
763 189 934 224 musicae
960 185 1009 237 (ἦ
1033 182 1255 238 ποῖνδημος
1279 182 1502 239 μουσική),
1540 188 1725 237 privatim
1750 188 1818 237 qui
1843 196 2033 224 restamus
2089 189 2174 225 auci
2199 201 2282 225 me-

218 243 381 283 moriam
405 240 634 290 repetimus,
662 237 754 274 olim
781 249 826 274 ea
851 236 975 288 qualis
1000 235 1137 276 fuerit.
1165 237 1309 277 Athen.
1334 238 1435 277 XIV.
1463 250 1501 287 Ρ.
1519 238 1607 274 632.
1632 236 1688 275 cf,
1716 237 1919 273 Mazocchi
1945 236 1994 273 ad
2019 244 2058 273 ta
2088 266 2097 275 .
2123 237 2280 275 Heracl-

220 307 262 343 Ρ,
285 292 373 330 5⁰8.
424 288 619 338 Equidem
643 286 745 324 hunc
770 287 921 333 locum,
958 287 1134 337 quamvis
1161 287 1276 324 latius
1301 294 1454 337 pateat,
1494 294 1624 323 tamen
1651 286 1698 323 ad
1726 286 1832 335 ipsos
1858 286 2087 323 Tarentinos
2114 286 2278 324 maxime

219 339 472 378 referendum
507 337 703 382 existimo,
741 336 924 386 quoniam
958 336 1160 385 praeclare
1187 337 1423 374 conveniunt
1448 343 1645 385 tempora,
1670 335 1762 371 inde
1789 336 1891 371 enim
1918 335 1965 371 ab
1993 336 2182 384 Archyta,
2210 336 2278 386 qui

220 390 323 430 haud
349 388 418 425 diu
443 393 532 424 ante
558 384 817 424 Alexandrum
844 387 1023 436 Magnum
1058 385 1177 433 vixit,
1216 385 1256 422 in
1293 386 1496 423 mollitiem
1531 397 1661 422 mores
1688 385 1991 421 Tarentinorum
2029 385 2277 434 praecipitati

220 446 321 485 sunt,
351 445 393 473 ut
418 443 528 473 recte
553 449 628 485 pro
656 448 727 481 eo,
755 435 862 485 quod
888 443 948 472 est
973 435 1077 471 inter
1102 436 1241 485 populi
1267 435 1437 472 indolem
1464 434 1700 484 vivendique
1727 435 1918 471 rationem
1945 442 1985 470 et
2010 435 2194 471 musicam
2217 449 2277 471 ar-

219 496 299 525 tem
324 485 543 531 vinculum,
589 484 724 521 eadem
761 491 888 520 aetate
915 492 1118 535 utramque
1146 492 1372 535 corruptam
1400 496 1486 521 esse
1512 484 1639 534 possis
1666 483 1918 522 contendere.
1973 484 2149 519 Molliori
2175 484 2276 520 iacta

219 544 304 575 arte
329 536 493 579 musica,
519 535 635 570 etiam
660 534 763 583 apud
790 535 964 571 Graecos
990 534 1028 569 in
1055 534 1187 571 Sicilia
1221 535 1372 571 interiit
1397 547 1552 571 morum
1579 533 1797 578 austeritas.
1849 532 2000 569 Maxim.
2027 535 2122 580 Tyr.
2143 534 2188 581 L,
2213 534 2275 572 2⁰.

219 600 257 637 p.
283 585 371 623 3⁹3.
397 585 445 620 R.
471 584 531 629 ΙΙ.,
555 584 618 622 37.
643 596 681 632 p.
708 584 793 620 204.
820 584 867 621 P..
893 582 944 621 cf.
973 583 1053 623 Cic.
1082 582 1131 620 de
1157 584 1261 634 legg.
1290 586 1345 630 ΙΙ.,
1373 585 1433 620 15.
1485 584 1625 619 Miiller
1649 584 1748 619 Dor.
1777 589 1872 620 tom.
1902 583 1945 619 11.
1971 595 2010 630 p.
2035 583 2121 619 327.

369 632 450 669 Sed
475 640 679 683 antequam
705 632 752 668 ad
780 632 1080 682 reliquas'artes
1107 633 1453 681 transgrediamur,
1482 632 1787 676 observandum,
1836 631 2033 668 illustrem
2057 632 2164 668 illum
2192 634 2277 669 Ar-

219 682 441 731 chytam,
481 682 699 718 litterarum
730 682 876 724 lucem,
916 681 1041 718 civem
1072 683 1321 718 Tarentinum
1348 682 1396 717 ad
1419 682 1589 731 reliquas
1615 681 1752 717 laudes
1776 680 1891 716 etiam
1917 681 2087 717 musicae
2114 682 2274 730 gloriam

218 731 410 768 addidisse
444 725 624 781 μάλιστα
650 731 733 768 «ταῖν
760 728 1065 781 Πυθαγορείων
1099 728 1407 780 ἐπιμεληθέντα
1432 732 1633 781 μουσικῆς
1661 730 1707 774 ⁸).
1745 730 1913 768 Ptolem.
1942 730 2115 768 harmon.
2143 733 2182 774 1.‚
2211 733 2276 770 13,Δ

218 781 411 829 Porphyr.
425 794 464 830 p.
476 781 561 817 313.
589 779 672 816 ·Ab
699 780 776 816 hoc
801 779 888 816 viro
915 787 1181 815 memorantur
1207 780 1415 816 constituta
1441 779 1711 816 modulationis
1739 790 1884 828 genera
1909 791 1986 814 non
2012 779 2137 815 minus
2163 788 2274 817 recte

220 843 334 881 quam
360 828 406 866 ab
434 830 667 866 Aristoxeno
695 828 860 865 Ptolem.
886 828 912 868 l,
940 839 972 867 c.
998 829 1055 873 ΙΙ.,
1084 830 1142 865 14.
1169 828 1221 868 cf,
1245 829 1437 879 Porphyr.
1464 829 1503 865 in
1529 829 1692 865 Ptolem.
1720 841 1763 878 p.
1785 828 1870 869 267,
1922 828 2148 877 Bernhardy
2172 829 2274 865 Era-

221 880 339 917 tosth.
364 893 405 929 p.
420 880 517 925 171„
543 879 638 915 item
664 891 851 927 generum
878 885 917 914 et
943 877 1283 915 tetrachordorum
1309 878 1448 916 divisio
1476 878 1642 916 Ptolem.
1669 880 1709 923 L,
1737 877 1799 913 13.
1820 877 1965 914 Boeth.
1988 878 2037 914 de
2063 879 2198 915 music.
2213 880 2274 926 V„

218 930 292 976 17„
317 930 496 966 inventor
523 929 641 964 etiam
669 927 797 965 dictus
825 934 884 964 est
909 928 1027 963 trium
1052 928 1303 965 medietatum
1330 928 1567 964 musicarum
1593 925 1797 965 Jamblich.
1823 927 1862 962 in
1890 927 2116 963 Nicomach.
2136 941 2174 977 p.
2189 930 2272 965 142.

217 980 303 1017 159.
329 981 415 1018 163.
441 979 526 1015 168.
549 979 720 1014 Navarro
754 977 802 1013 de
836 976 1005 1026 Archyta
1032 991 1068 1026 p.
1094 979 1145 1014 58
1165 991 1224 1027 sq.
1252 977 1302 1015 cf.
1327 978 1507 1014 Bulliald.
1532 977 1581 1014 ad
1609 976 1758 1016 Theon.
1783 989 1822 1026 p.
1847 977 1993 1027 290sq.
2019 976 2181 1014 Librum
2207 978 2272 1015 de-

218 1029 335 1079 nique
362 1027 454 1077 περὶ
481 1028 681 1077 μουσικῆς
710 1027 931 1075 scripserat.
977 1026 1111 1062 Ritter
1136 1026 1226 1062 hist.
1252 1027 1394 1075 philos..
1417 1027 1579 1076 Pythag.
1606 1039 1646 1076 Ρ.
1669 1028 1742 1068 69.,
1770 1033 1810 1060 et
1837 1025 1884 1061 de
1911 1026 2126 1063 harmonia.
2155 1028 2271 1065 Nico-

216 1078 340 1115 mach.
366 1077 485 1114 instit.
514 1076 665 1113 arithm.
694 1077 721 1112 1.
748 1088 836 1125 pag.
859 1076 897 1114 5.
927 1074 978 1114 ci.
1004 1075 1157 1112 Fabric.
1182 1075 1275 1112 bibl.
1301 1088 1430 1125 graec.
1459 1084 1552 1113 tom.
1579 1077 1606 1113 Ι.
1632 1088 1677 1125 Ρ.
1698 1074 1789 1114 833.
1813 1074 1924 1113 Harl.

1049 1144 1092 1192 3)
1114 1146 1199 1183 Ars·
1221 1146 1440 1185 orchestz'ce.

342 1211 574 1249 Orchestice
600 1211 770 1247 musicae
797 1209 871 1245 arti
895 1209 948 1246 ita
976 1210 1180 1260 conjuncta
1207 1218 1282 1255 est,
1305 1220 1349 1248 ut
1374 1211 1440 1248 vix
1466 1210 1514 1247 ab
1542 1223 1586 1248 ea
1611 1210 1785 1260 separari
1811 1217 1941 1261 queat,
1968 1223 2083 1248 serva
2106 1218 2268 1262 utraque

218 1274 402 1312 poeseos.
457 1261 642 1298 Novimus
669 1260 822 1297 omnino
848 1260 1097 1296 Doriensium
1122 1260 1284 1298 saltandi
1310 1274 1481 1298 amorem
1508 1268 1548 1298 et
1574 1261 1764 1305 studium,
1792 1274 1870 1310 quo
1899 1261 2128 1297 Tarentinos
2155 1261 2269 1298 etiam

217 1310 380 1348 affectos
409 1310 527 1346 fuisse
564 1310 796 1346 documento
833 1309 929 1354 erit,
947 1320 951 1323 ’
969 1309 1076 1359 quod
1104 1310 1222 1346 hodie
1250 1323 1301 1359 po
1334 1311 1419 1347 ulus
1448 1311 1681 1347 Tarentinus
1707 1310 1918 1346 saltationis
1948 1317 2007 1346 est
2032 1310 2268 1347 studiosissi-

216 1374 314 1406 mus,
340 1360 458 1409 idque
487 1360 636 1409 copiam
662 1359 805 1395 fecisse
832 1357 971 1394 fabulis
998 1358 1046 1394 de
1073 1359 1262 1395 tarantula
1317 1359 1495 1407 ivulgatis
1522 1360 1595 1396 alio
1624 1359 1714 1395 loco
1734 1366 1939 1395 exsecutus
1958 1372 2053 1396 sum.
2073 1358 2123 1396 cf.
2150 1362 2267 1396 Boet-

215 1409 320 1459 tiger
347 1408 396 1445 de
421 1409 516 1457 pict.
544 1415 640 1446 vett.
667 1420 756 1457 pag.
786 1408 858 1442 191
879 1420 935 1457 sq.
973 1406 1192 1454 Saltabatur
1217 1407 1320 1444 haud
1348 1408 1465 1444 dubie
1493 1409 1532 1444 in
1560 1408 1724 1445 deorum
1751 1407 2010 1453 solemnibus,
2040 1408 2098 1444 uti
2124 1407 2266 1445 factum

215 1466 274 1495 est
299 1458 463 1508 Neapoli
494 1457 648 1495 Lucian.
674 1457 723 1494 de
749 1456 871 1493 saltat.
896 1457 958 1493 32.
985 1456 1079 1508 ibiq.
1107 1457 1272 1494 Palmer.
1300 1465 1395 1497 tom.
1425 1459 1473 1497 V.
1499 1471 1538 1508 p.
1566 1459 1653 1500 462,
1679 1457 1784 1507 Bip.,
1824 1470 1870 1495 ac
1903 1457 2087 1507 profecto
2123 1459 2265 1496 cantica

213 1502 444 1559 ἐμβατήρια
470 1507 690 1556 accepimus
731 1513 878 1543 cantata
914 1518 998 1542 esse
1024 1519 1045 1542 a
1073 1508 1293 1543 Tarentinis
1320 1507 1383 1544 die
1409 1507 1512 1544 festo
1539 1508 1781 1544 Postumium
1807 1508 1978 1557 legatum
2004 1509 2264 1544 Romanorum

212 1557 500 1603 deridentibus,
526 1564 570 1593 ut
596 1557 698 1592 enim
724 1555 778 1591 ait
803 1555 879 1592 Dio
908 1556 1058 1592 Cassius
1083 1555 1221 1606 fragm.
1247 1558 1372 1593 Ursin.
1401 1558 1565 1603 CXLV.,
1590 1558 1636 1595 3:
1674 1551 1909 1595 ἀνάπαιστα
1935 1558 1980 1595 ἐν
2015 1557 2168 1608 ῥυθμῷ
2192 1558 2265 1596 τοῦ

213 1622 259 1646 τε
284 1601 433 1658 κρότου
458 1605 526 1643 καὶ
551 1606 623 1656 τῆς
651 1603 851 1655 βαδίσεως
877 1599 1074 1654 ᾀδόντων.
1121 1607 1246 1641 Erant
1271 1607 1492 1643 saltationes
1520 1606 1712 1656 ejusmodi
1739 1607 1926 1655 rhythmis
1954 1608 2263 1644 accommodatae

212 1659 254 1696 in
280 1656 430 1694 deliciis
457 1657 751 1705 Spartanorum,
779 1654 998 1692 sonantibus
1026 1655 1131 1691 tibiis
1158 1655 1205 1691 ad
1230 1668 1398 1706 pugnam
1424 1655 1757 1705 proficiscentium
1783 1657 1924 1692 Miillcr
1948 1657 2047 1695 Dor.
2062 1658 2161 1706 11.p.
2176 1658 2261 1697 334.

215 1706 267 1746 cf.
293 1706 431 1743 Mahne
458 1706 567 1741 diatr.
596 1706 635 1740 in
663 1706 828 1741 Aristox.
853 1718 892 1753 p.
912 1705 1013 1751 153„
1040 1706 1096 1742 sic
1122 1706 1285 1754 proprie
1312 1706 1461 1742 saltatio
1488 1705 1714 1742 inhaerebat
1739 1707 1814 1741 arti
1839 1706 1995 1742 militari
2022 1714 2137 1756 atque
2163 1719 2264 1756 gym-

214 1756 395 1794 nasticae.
431 1755 574 1790 Miiller
600 1767 639 1803 p.
657 1753 745 1791 338.
781 1754 940 1789 Tarenti
966 1754 1075 1790 locus
1103 1754 1259 1804 quidam
1284 1762 1523 1791 memoratur
1548 1749 1596 1793 τό
1623 1749 1873 1806 αὐλητήριον
1899 1768 1936 1795 v.
1964 1756 2132 1804 Hesych.
2160 1769 2188 1795 ε.
2214 1769 2262 1801 v„

212 1807 252 1843 in
278 1817 355 1855 quo
382 1803 583 1841 tibicinum
611 1809 743 1853 gentes
769 1803 843 1838 nisi
869 1803 984 1839 fallor
1010 1811 1133 1840 artem
1169 1817 1277 1843 suam
1313 1804 1569 1850 exercebant,
1611 1817 1685 1841 nec
1723 1805 1898 1850 dubites,
1942 1805 2036 1855 quin
2063 1805 2262 1841 Tarentini

210 1853 423 1906 peculiaria
460 1853 671 1889 saltationis
710 1864 854 1900 genera
888 1852 1133 1888 excoluerint
1168 1853 1216 1888 ad
1246 1855 1449 1890 Laconum
1486 1854 1717 1903 exemplum.
1769 1856 1991 1890 Aristoxen.
2020 1854 2123 1903 apud
2147 1855 2263 1891 Athe·

212 1916 349 1942 naeum
380 1902 420 1939 in
446 1901 588 1939 Mahnii
621 1901 734 1940 diatr.
759 1914 798 1950 Ρ.
825 1902 911 1941 152.
965 1901 1263 1939 Adhibebantur
1288 1902 1327 1939 in
1359 1903 1626 1940 saltationibus
1653 1904 1885 1940 vestimenta
1911 1904 2262 1941 'l'arantinidiorum

212 1952 368 1989 nomine
403 1963 450 1987 co
482 1952 559 1987 nita
586 1951 731 1998 Grysar
765 1950 814 1985 de
841 1950 1022 1989 Doricus.
1052 1951 1229 1990 comoed.
1255 1953 1287 1989 Ι.
1309 1965 1350 2000 p.
1376 1954 1450 1998 21„
1483 1954 1777 2002 saltatricesque
1805 1953 2034 1989 Tarentinas
2060 1954 2261 2002 pellucidis

210 2000 384 2039 vestibus
411 2001 448 2036 in
481 2007 563 2036 utas
599 1998 771 2048 conspici
815 1998 1063 2036 observatum
1099 2007 1161 2036 est
1196 2000 1235 2035 in
1262 2000 1364 2038 libro
1394 2014 1466 2038 von
1495 2001 1565 2038 der
1590 2002 1722 2038 Recke
1749 2002 1895 2038 Reisen
1922 2001 2048 2038 durch
2072 2002 2262 2039 Deutsch-

208 2051 298 2088 land
324 2049 404 2086 und
429 2050 572 2086 Italien.
597 2055 693 2087 tom.
720 2049 783 2087 111.
812 2062 851 2098 p.
875 2049 951 2085 335
975 2061 1033 2098 sq.
1083 2049 1268 2086 Habuere
1296 2050 1464 2100 denique
1492 2051 1690 2087 Tarentini
1718 2052 1952 2100 scriptorem
1978 2064 2090 2087 suum
2116 2051 2163 2087 de
2192 2052 2262 2088 sal·

209 2099 366 2137 tationis
394 2110 539 2149 genere
565 2098 714 2147 tragico
743 2098 910 2150 eundem
935 2098 1209 2145 Aristoxenum
1235 2100 1449 2145 musicum,
1479 2100 1590 2149 cujus
1617 2099 1710 2150 περὶ
1736 2103 1811 2151 τῆς
1839 2101 2033 2153 τραγικῆς
2059 2095 2260 2153 ὀρχήσεως

208 2150 332 2188 libros
360 2148 516 2186 laudant
541 2147 804 2197 Harpocratio
833 2161 863 2187 s.
890 2161 926 2189 v.
955 2142 1228 2199 κορδακισμός
1256 2156 1296 2186 et
1322 2149 1640 2199 Etymologicum
1667 2152 1794 2199 Magn.
1822 2165 1854 2191 s.
1881 2164 1918 2190 v.
1950 2142 2150 2196 Σίκιννιέ.
2194 2152 2261 2194 Vi-

211 2199 326 2237 detur
351 2209 401 2235 ex
423 2197 501 2235 hoc
528 2209 650 2248 opere
676 2197 796 2235 multa
819 2197 981 2249 petiisse
1006 2199 1240 2238 Athenaeus.
1268 2211 1306 2239 v.
1334 2199 1470 2236 Mahne
1497 2200 1609 2237 diatr.
1635 2213 1675 2251 p.
1704 2201 1778 2237 130
1803 2213 1859 2252 sq,-
1887 2201 1960 2237 151
1986 2213 2046 2252 sq.

1057 2275 1102 2322 4)
1143 2275 1421 2310 Architectura.

355 2338 524 2375 Praeter
550 2345 652 2375 artes
680 2336 918 2375 excolendae
944 2338 1137 2388 juventuti
1162 2337 1416 2375 inservientes
1444 2337 1515 2374 alia
1541 2345 1600 2375 est
1627 2351 1758 2376 earum
1785 2340 1931 2388 series,
1967 2353 2067 2392 quae
2093 2341 2192 2378 sicut
2216 2339 2259 2376 il-

208 2389 269 2424 lae
294 2387 482 2435 temporis
509 2387 562 2422 ita
587 2388 767 2423 locorum
800 2388 925 2435 spatio
964 2388 1336 2424 circumscribuntur
1362 2400 1407 2423 ac
1433 2388 1664 2433 formantur,
1711 2403 1873 2439 quarum
1900 2392 2009 2439 quasi
2035 2402 2181 2438 parens>
2200 2403 2259 2425 ar·-

208 2436 424 2476 chitcctura
450 2435 614 2473 dicenda
640 2442 710 2474 est.
764 2437 956 2487 Perquam
983 2437 1169 2485 dolemus,
1196 2436 1303 2474 urbis
1331 2436 1422 2473 olim
1450 2443 1527 2473 tam
1554 2438 1773 2488 opulentae,
1799 2445 1878 2475 tam
1903 2439 2142 2489 magnificae,
2169 2451 2260 2489 qua-

206 2488 246 2523 le
281 2488 493 2522 Tarentum
528 2485 625 2530 fuit,
667 2485 754 2522 fere
782 2487 910 2522 omnia
936 2488 1062 2523 deleta
1089 2500 1173 2524 esse
1212 2486 1374 2534 vestigia
1408 2495 1569 2534 praeter
1599 2500 1742 2535 paucas
1775 2489 1912 2537 templi
1938 2490 2084 2525 Dorica
2108 2489 2258 2525 ratione

208 2534 397 2574 exstructi
432 2533 562 2571 ruinas
597 2534 647 2573 de
673 2535 762 2572 Non
787 2541 881 2576 tom.
910 2537 971 2573 [ll.
998 2534 1065 2574 fol.
1092 2548 1179 2587 pag.
1201 2536 1275 2582 76,
1313 2535 1366 2571 ita
1392 2542 1435 2572 ut
1463 2535 1511 2572 de
1538 2535 1724 2573 aedificiis
1751 2544 1869 2588 atque.
1902 2536 2166 2575 aedificiorum
2196 2549 2259 2574 or-

206 2585 393 2622 namentis
419 2585 485 2621 vix
509 2585 588 2621 ulla
623 2585 714 2621 satis
750 2593 857 2621 certa
892 2586 991 2623 ferri
1018 2586 1206 2622 sententia
1231 2585 1364 2633 possit.
1418 2584 1609 2635 Quantam
1636 2587 1779 2622 dixeris
1814 2588 1942 2635 magni
1968 2587 2134 2632 theatri,
2169 2586 2259 2632 fori,

205 2633 501 2686 gymnasiorum,
530 2633 826 2684 sepulcrorum,
860 2641 1041 2685 quantam
1073 2635 1241 2686 denique
1277 2632 1398 2670 fuisse
1432 2640 1494 2670 tot
1520 2635 1758 2684 templorum
1785 2634 2015 2685 elegantiam
2040 2636 2140 2674 Hirt.
2166 2634 2259 2676 hist.

203 2721 299 2753 nium
320 2721 392 2760 IV,
413 2723 465 2761 47.
529 2721 556 2759 ⁸)
579 2720 676 2752 Alius
699 2726 774 2753 erat
794 2720 958 2770 Archytas
980 2719 1123 2752 musicus
1137 2719 1370 2762 Mytilenaeas.
1384 2719 1427 2752 cf.
1448 2718 1568 2752 l'lehn.
1590 2719 1748 2752 Lesbiae.
1764 2730 1806 2762 p.
1823 2723 1909 2760 202„
1930 2721 1992 2753 sed
2014 2721 2114 2753 etiam
2134 2720 2259 2753 Taren-

203 2763 293 2796 tinus
320 2760 478 2806 μουσικός
504 2761 627 2795 merito
657 2763 772 2796 vocari
799 2768 931 2808 potuit,
975 2762 1027 2795 vir
1048 2762 1225 2795 doctrinae
1246 2761 1477 2806 virtutumque
1501 2772 1657 2805 compos,
1685 2762 1743 2812 qui
1765 2764 1775 2794 i
1802 2773 1837 2795 se
1863 2773 1932 2795 una
1955 2774 2033 2796 cum
2054 2763 2258 2797 Aristoxeno

202 2807 443 2849 grammaticen
465 2815 602 2855 quoque
630 2806 778 2837 musicae
814 2806 1003 2846 subjectam
1029 2805 1238 2837 existimavit.
1280 2804 1420 2849 Quintil.
1444 2805 1482 2842 1.‚
1506 2808 1556 2841 10,
1582 2812 1633 2843 17.
1655 2805 1704 2836 ibi
1724 2805 1793 2847 Spa
1807 2805 1865 2837 din
1890 2829 1899 2837 .
1943 2807 2010 2838 Vix
2031 2817 2118 2838 unus
2139 2807 2260 2849 Pytha·

238 2856 378 2879 reorum
400 2857 547 2881 musicae
569 2846 652 2880 artis
673 2856 793 2892 expers
815 2847 891 2887 fuit,
913 2846 992 2879 ideo
1009 2846 1150 2878 Philolai
1172 2855 1311 2891 quoque
1334 2845 1522 2890 fragmenta
1543 2845 1711 2891 insignem
1732 2857 1872 2891 compro
1898 2853 1957 2879 ant
1979 2847 2170 2880 doctrinam
2191 2858 2258 2878 rnu-
