2468 3070
1217 137 1267 175 1⁷

214 253 314 290 inter
338 251 449 289 divos
476 247 590 286 relati
615 254 705 285 sunt
729 260 751 284 a
775 245 936 284 Graecis
962 242 1076 282 fluvii
1104 246 1165 292 ¹¹),
1203 250 1249 281 ut
1275 250 1427 281 constat
1454 255 1502 281 ex
1527 243 1688 281 Aeliano
1716 244 1767 284 V.
1791 244 1843 283 H.
1873 243 1934 287 11..
1957 244 2009 281 83
2033 244 2127 296 ibiq.
2154 246 2272 284 Peri-

214 316 310 348 zon.,
336 300 405 338 ubi
422 300 486 336 hic
504 297 679 348 scriptor
690 296 971 347 Agrigentinos
994 293 1115 332 fluvio
1141 307 1211 331 suo
1239 292 1310 331 sub
1340 292 1468 329 forma
1492 293 1644 342 juvenis
1670 300 1965 343 repraesentato
1994 306 2102 331 sacra
2127 294 2270 334 fecisse

213 355 417 391 memorat.
445 348 494 386 ct.
523 347 685 386 Boeclil‘i
721 346 770 383 ad
803 345 915 384 Pind.
945 344 1086 395 explic.
1114 356 1149 394 p.
1176 344 1261 382 123.
1312 344 1500 380 Eurotam
1525 343 1653 380 reffert
1679 342 1783 379 idem
1811 343 1992 379 Aelianus
2019 342 2162 381 bovem
2198 345 2270 383 fin-

212 402 314 437 xisse
340 398 693 443 Lacedaemonios,
719 395 827 446 quod
853 394 1012 445 quidem
1037 393 1258 438 Tarentini,
1311 406 1514 442 uamquani
1540 390 1705 428 fluvialis
1733 392 1809 428 Dei
1835 392 1980 427 cultum
2007 394 2268 442 retinuerunt,

211 460 289 485 non
320 447 482 493 imitati,
526 446 596 483 sed
622 444 968 496 Agrigentinorum
995 444 1125 492 potius
1155 407 1373 491 exemplum
1397 441 1523 477 secuti
1547 453 1632 477 esse
1658 440 1855 479 videntur.
1905 442 2040 477 Exstat
2067 442 2169 478 enim
2195 445 2270 479 Ta·

211 497 456 534 rentinorum
482 507 657 531 nummus
684 506 824 530 aureus
851 492 1011 529 illustris
1038 491 1216 529 omnibus
1242 492 1335 527 artis
1361 490 1837 539 illecebris'conspicuus,
1882 489 2010 525 editus
2036 490 2083 526 ab
2113 491 2270 529 Eclthe-

210 546 265 583 lio
291 558 393 583 num.
420 544 552 581 anecd.
581 543 659 583 tab.
688 545 765 589 111,
793 543 841 587 1.,
868 543 908 577 in
936 554 983 578 eo
1011 543 1211 590 Neptunus
1239 540 1376 576 sedens
1403 540 1557 576 sinistra
1582 547 1693 575 tenet
1717 539 1942 583 tridentem,
1969 538 2091 576 adstat
2116 541 2269 589 puellus

210 601 376 643 utraque
410 605 524 628 manu
560 593 660 629 elata
696 591 772 627 deo
802 590 1063 626 adblandiens.
1114 590 1272 626 Puellus
1298 589 1362 625 hic
1390 591 1508 625 Taras
1537 595 1595 624 est
1621 588 1795 637 Neptuni
1820 587 1943 632 filius,
1985 599 2049 623 res
2085 590 2268 637 graphice

213 654 417 692 expressa,
451 638 536 677 nam
564 641 631 691 qui
655 654 698 677 su
759 640 876 676 licant
909 639 1068 675 barbam
1099 639 1194 675 alius
1231 637 1498 687 prehendunt.
1551 639 1667 674 Hom.
1694 637 1737 673 ll.
1765 638 1828 682 X,
1853 637 2002 685 454sq.
2055 637 2202 676 callim.
2229 639 2267 675 in

211 691 320 728 Dian.
347 692 397 728 26
410 703 465 741 sq.
493 689 544 730 cf.
571 653 747 727 Mazocl’..
776 689 823 725 ad
849 688 927 728 tab.
954 688 1109 726 Hei-acl.
1137 702 1176 738 p.
1200 689 1289 727 554.
1316 686 1465 724 Eckhel
1490 687 1516 725 1.
1542 698 1576 727 c.
1602 699 1643 736 p.
1670 686 1733 726 31.
1762 686 1814 725 D.
1825 686 1873 725 N.
1893 686 1923 723 Ι.
1950 698 1991 734 p.
2005 686 2089 726 147.
2114 687 2266 725 Rasche

210 740 325 780 lexic.
353 741 417 788 V„
443 742 477 776 1.
502 752 542 789 Ρ.
566 740 653 776 511.
677 739 861 775 Mionnet.
887 738 1023 788 Suppl.
1051 740 1078 777 1.
1104 751 1145 787 p.
1173 738 1261 776 276.

760 824 803 867 4)
829 823 1002 860 Heroum
1018 824 1241 872 parentalta
1268 826 1305 859 et
1330 833 1446 858 sacra
1470 824 1717 857 mortuorum.

360 888 626 927 Memorabilis
653 895 712 925 est
737 887 839 938 apud
867 888 1024 925 Aristot.
1053 886 1188 923 mix-ab.
1214 887 1298 922 114.
1328 886 1450 922 locus.
1504 884 1662 921 Tarenti
1689 884 1810 930 enim,
1844 884 1972 934 inquit
1998 884 2087 921 libri
2114 895 2264 934 auctor,

212 938 338 975 solent
364 939 558 975 interdum
584 944 792 986 parentare
822 936 1015 973 Atridis
1042 944 1083 972 et
1109 935 1323 982 Tydidis
1350 942 1391 970 et
1417 933 1740 979 Laertiadis,
1786 935 2172 983 Agamemnonis
2198 950 2265 973 au-

209 994 288 1025 tem
315 988 477 1024 seorsim
504 985 692 1024 sacrificia
718 998 835 1043 agere
860 985 934 1021 alia
961 984 1024 1020 die
1052 984 1278 1029 constituta,
1303 985 1343 1020 in
1370 983 1508 1033 quibus
1536 983 1650 1028 (latet
1675 985 1807 1026 causa]
1834 982 2061 1020 mulieribus
2088 984 2266 1022 immola-

209 1044 250 1074 ta
280 1044 439 1087 tangere
480 1037 567 1086 lege
610 1035 873 1072 interdicitur.
924 1036 997 1070 Est
1024 1040 1064 1069 et
1089 1033 1278 1082 templum
1308 1033 1411 1082 apud
1437 1034 1541 1082 ipsos
1570 1031 1784 1069 Achillis
1817 1034 1877 1080 ¹²).
1931 1033 2122 1069 Miramur
2162 1047 2264 1082 sane,

210 1085 317 1136 quod
342 1087 369 1122 ii
394 1086 511 1122 modo
539 1086 680 1121 heroes
706 1091 983 1128 recensentur,
1011 1083 1078 1133 qui
1103 1082 1207 1118 bello
1236 1083 1430 1133 Trojano,
1456 1089 1500 1117 ut
1527 1081 1630 1118 fama
1657 1089 1735 1128 est,
1762 1081 2051 1127 inclaruerunt,
2079 1095 2150 1120 nec
2175 1097 2266 1132 pos-

210 1147 340 1171 sumus
367 1135 461 1183 quin
487 1134 701 1182 judicemus
736 1132 894 1169 colonos
921 1132 1152 1169 Tarentinos
1178 1132 1335 1168 illorum
1361 1144 1469 1168 sacra
1506 1144 1554 1167 ex
1589 1131 1673 1180 ipsa
1704 1131 1832 1179 patria
1858 1131 2029 1167 Laconia
2058 1131 2105 1175 ¹³)
2133 1133 2264 1170 tulisse

210 1183 251 1219 in
276 1182 437 1230 Italiam,
464 1182 504 1219 id
531 1182 636 1233 quod
663 1181 755 1218 olim
783 1195 804 1218 a
829 1182 940 1219 nobis
967 1182 1189 1219 adnotatum
1216 1189 1274 1218 est
1300 1181 1348 1217 de
1376 1183 1475 1230 orig.
1505 1183 1660 1216 Tarent.
1686 1193 1728 1229 Ρ.
1745 1181 1808 1219 41.
1862 1180 2018 1216 Bellum
2042 1181 2143 1217 enim
2168 1184 2265 1219 Tro—

210 1231 353 1281 janum,
380 1239 423 1268 ut
449 1231 613 1268 Achaeis
640 1231 680 1266 in
705 1231 978 1280 Peloponneso
1004 1230 1168 1266 ducibus
1197 1238 1347 1266 ‹restum
1374 1237 1451 1275 est,
1487 1232 1540 1265 ita
1566 1236 1704 1278 postea
1730 1243 1751 1265 a
1777 1229 1906 1278 poetis
1934 1230 1974 1265 in
2000 1230 2095 1266 aulis
2122 1232 2264 1279 princi-

209 1293 304 1329 pum
329 1280 576 1316 Achaeorum
604 1280 848 1316 decantatum
873 1291 958 1315 esse
984 1279 1159 1323 videtur,
1195 1260 1290 1314 llum
1323 1278 1380 1313 illi
1416 1290 1568 1313 morem
1594 1278 1781 1326 gerebant
1807 1277 1951 1313 fabulis
1977 1278 2069 1314 huic
2095 1281 2263 1317 Graeco-

209 1342 296 1365 rum
331 1329 439 1378 genti
472 1329 656 1378 propriis.
711 1328 804 1365 lnde
837 1327 953 1364 facile
988 1327 1246 1376 perspicitur,
1292 1326 1490 1377 quomodo
1524 1326 1690 1362 heroum
1715 1326 1872 1362 illorum
1898 1327 2024 1363 cultus
2052 1327 2199 1365 divinus
2226 1330 2264 1365 in

210 1378 356 1413 ltaliam
382 1377 490 1414 abire
516 1378 702 1427 potuerit,
730 1377 917 1415 videlicet
942 1376 1148 1413 translatus
1175 1388 1248 1426 per
1275 1376 1433 1412 colonos
1459 1375 1719 1422 Achaeorum,
1746 1376 1813 1426 qui
1840 1378 2062 1421 Tarentum,
2089 1377 2263 1425 Sybarin,

210 1427 495 1476 Metapontum,
524 1428 733 1463 Crotonem
758 1425 933 1475 profecti
958 1433 1057 1471 sunt,
1083 1437 1127 1461 ac
1154 1425 1202 1461 de
1228 1427 1455 1474 Metaponto
1483 1424 1641 1474 quidem
1667 1432 1834 1471 constat,
1862 1426 1968 1475 quod
1987 1427 2156 1463 Neleidis
2183 1428 2264 1477 egit

210 1476 411 1527 exsequias
438 1475 578 1513 Strabo
606 1477 672 1516 Vt,
686 1489 726 1526 p.
745 1477 833 1515 264.
855 1476 953 1526 Cas.¹
979 1476 1147 1513 Nestore
1174 1474 1371 1523 Pyliorum
1397 1474 1508 1521 duce,
1534 1482 1578 1510 ut
1604 1473 1706 1510 fama
1733 1481 1806 1520 est,
1834 1474 2039 1512 conditore
2065 1490 2186 1516 usum.
2213 1476 2264 1514 cf.

210 1525 330 1562 Solin.
357 1526 415 1571 11.‚
442 1528 501 1562 10.
528 1526 669 1575 Vellej.
697 1527 741 1573 l.,
768 1528 790 1562 1
817 1524 912 1574 ibiq.
938 1527 1060 1573 intpp.
1116 1527 1211 1561 [tem
1238 1525 1430 1572 Cyrenae,
1482 1536 1560 1574 quo
1594 1535 1671 1573 per
1703 1523 1873 1560 Theram
1914 1525 2076 1561 insulam
2108 1526 2264 1564 deducti

209 1581 298 1611 sunt
322 1582 476 1612 veteres
502 1577 702 1612 Laconum
740 1574 871 1611 coloni
902 1574 1034 1623 stirpis
1060 1573 1255 1610 Achaicae
1282 1573 1420 1609 divinis
1446 1573 1663 1610 honoribus
1694 1585 1812 1622 prose
1844 1573 2036 1610 uebantui·
2063 1577 2268 1613 Antenori-

210 1623 299 1668 das,
336 1631 477 1671 utpote
504 1637 672 1673 quorum
699 1636 837 1672 parens
866 1624 1044 1660 Menelao
1072 1630 1188 1673 atque
1215 1622 1340 1670 Ulyssi
1366 1621 1442 1658 fuit
1467 1623 1623 1671 hospes.
1651 1622 1806 1658 Clavier
1843 1624 1919 1658 iist.
1948 1624 2085 1663 Graec.
2114 1632 2206 1665 tom.
2234 1627 2263 1664 1.

209 1684 247 1721 p.
273 1672 362 1710 310.
388 1672 473 1709 397.
501 1671 553 1709 cf·
579 1673 741 1709 Boechh
779 1672 826 1708 ad
851 1672 963 1708 Pind.
990 1672 1127 1721 explic.
1153 1685 1193 1721 p.
1222 1672 1308 1707 290.
1359 1671 1506 1708 Eadem
1542 1672 1580 1707 in
1618 1671 1690 1708 hac
1717 1684 1762 1707 re
1789 1672 1980 1709 sententia
2008 1680 2068 1709 est
2094 1672 2264 1721 ferenda,

211 1733 326 1770 quam
352 1720 401 1756 de
417 1721 599 1756 Herculis
618 1721 822 1756 itineribus
848 1721 1137 1769 proposuimus,
1164 1732 1304 1769 nempe
1331 1733 1498 1770 quorum
1524 1720 1691 1757 heroum
1717 1733 1826 1757 sacra
1852 1722 1945 1758 novi
1972 1723 2101 1759 coloni
2127 1737 2266 1772 aspor-

210 1768 362 1816 tabant,
405 1769 564 1807 eosdem
593 1769 860 1807 existimabant
894 1770 933 1806 in
965 1771 1076 1807 novis
1102 1769 1261 1807 sedibus
1290 1768 1365 1817 jam
1392 1770 1484 1807 olim
1512 1782 1598 1807 esse
1624 1777 1821 1817 versatos,
1861 1782 1990 1821 neque
2017 1772 2089 1809 alia
2116 1773 2264 1811 ratione

211 1818 437 1867 explicanda
462 1831 508 1854 ea
537 1819 728 1865 videntur,
757 1830 854 1869 quae
881 1819 930 1854 de
956 1819 1177 1855 Philocteta
1201 1819 1387 1862 Petiliae,
1413 1820 1618 1865 Crimisae,
1645 1820 1842 1865 Malacae,
1869 1821 2042 1867 Chones,
2072 1822 2264 1870 Sybaridis

211 1867 416 1904 conditore
442 1867 830 1906 circumferebantur.
881 1868 1043 1904 Abierat
1080 1868 1181 1904 enim
1208 1867 1451 1904 Philoctetae
1488 1869 1614 1904 cultus
1641 1868 1793 1905 divinus
1820 1870 1859 1904 in
1889 1870 2032 1905 ltaliam
2059 1883 2132 1919 per
2159 1872 2266 1908 colo-

210 1929 294 2001 poPs,
321 1914 454 1989 rzescio
482 1931 529 1954 an
554 1930 628 1968 per
654 1917 759 1967 ipsos
786 1917 1029 1955 Crotoniatas
1065 1925 1131 1954 aut
1158 1916 1355 1967 Sybaritas
1384 1917 1434 1955 cf.
1460 1917 1578 1957 schol‘.
1605 1917 1803 1968 Lycophr.
1828 1919 1914 1960 927.
1945 1920 2108 1960 Aristot.
2133 1921 2264 1964 mirab.

236 1968 295 2002 lo.
324 1968 334 1988 ¹
355 1974 371 2008 j

292 2031 297 2037 ·
358 2015 444 2052 Jam
470 2015 575 2067 quod
593 2016 793 2054 Tarentini
815 2016 1002 2055 heroibus
1027 2023 1252 2068 parentasse
1279 2015 1473 2065 dicuntur,
1500 2017 1540 2055 id
1559 2018 1733 2069 pertinet
1760 2017 1807 2055 ad
1826 2017 2030 2068 lugubrem
2056 2028 2266 2060 mortuo-

210 2078 316 2101 rum
357 2066 536 2102 cultum
568 2067 759 2113 divinum,
790 2068 837 2103 ad
864 2080 979 2117 quem
1007 2075 1186 2116 spectant
1212 2068 1326 2103 etiam
1354 2069 1545 2116 Apollinis
1572 2067 1777 2116 Hyacinthi
1804 2076 1842 2104 et
1870 2069 1977 2105 Jovis
2000 2069 2267 2124 fulminatoris‚

211 2114 305 2164 quin
331 2114 413 2163 ipsa
442 2115 725 2153 Dioscuroruni
752 2128 869 2153 saera.
894 2116 1049 2156 Dissen.
1079 2116 1127 2152 ad
1150 2115 1263 2155 Pind.
1290 2116 1430 2166 explic.
1447 2117 1586 2166 p.471.
1628 2116 1798 2153 Omnino
1823 2116 1989 2153 heroum
2015 2119 2141 2156 cultus
2166 2132 2271 2157 mor-

210 2171 368 2201 tuorum
395 2164 580 2201 dicendus
607 2173 666 2202 est
692 2166 831 2210 cultus,
859 2166 942 2203 sive
967 2166 1169 2203 hominum
1196 2166 1244 2203 de
1270 2167 1396 2215 patria
1423 2168 1582 2217 egregie
1608 2167 1859 2213 meritorum,
1902 2175 1993 2216 post
2019 2177 2187 2206 mortem
2213 2170 2270 2206 in-

211 2220 274 2248 ter
300 2213 411 2250 divos
437 2214 676 2263 relatorum,
701 2215 804 2252 unde
834 2223 1135 2252 consentaneum
1163 2222 1244 2262 est,
1269 2216 1473 2266 exsequias
1499 2223 1602 2252 actas
1629 2228 1714 2252 esse
1740 2216 1809 2263 iis,
1847 2216 1988 2266 quibus
2014 2231 2120 2255 mors
2145 2219 2267 2256 hono-

209 2317 345 2350 Tarent.
392 2326 411 2348 a
435 2339 444 2349 .
487 2317 516 2350 5.
582 2319 610 2336 ²²
724 2326 797 2349 ieus
851 2327 947 2348 uvius
974 2317 987 2355 (
1029 2321 1162 2350 annert.
1206 2326 1246 2348 eo
1281 2327 1300 2350 ·.
1322 2321 1405 2351 tom.
1425 2317 1524 2351 VIII.
1557 2330 1580 2351 J.
1626 2317 1666 2348 67
1687 2327 1703 2349 s
1728 2340 1738 2350 .
1785 2323 1997 2349 memoratur
2026 2319 2060 2350 in
2089 2319 2266 2352 duodecim

212 2359 234 2393 d
366 2327 389 2360 Ρ
413 2326 433 2367 g
464 2328 508 2391 9b
532 2360 565 2391 H
611 2318 624 2358 )
646 2316 752 2391 ἡ1ῃΡ(Ι)Ι
825 2315 1054 2391 1'le.ded‘Mt'
1140 2360 1148 2390 l
1224 2326 1309 2392 P'gld
1343 2360 1407 2392 Ol·
1501 2329 1558 2392 Vl
1582 2321 1678 2393 8410
1704 2317 1788 2391 qt)H
1825 2373 1830 2377 ·
1910 2361 1931 2392 d
1956 2361 1984 2392 A
2038 2363 2061 2393 ll
2085 2362 2106 2393 d
2214 2362 2256 2396 86

210 2369 716 2451 sgpffiffilngizlaolegfffusga
752 2370 864 2433 {¹1³3ae
883 2370 1183 2434 urbescgollsebszfii?
1199 2371 1513 2441 hessgfflamffgssll'flfi
1535 2383 1671 2434 Thebae
1693 2370 1909 2435 {oedelylnag
1931 2373 2034 2436 Pinld?
2048 2374 2083 2446 pq
2106 2368 2268 2448 1611.18)·;

209 2443 309 2477 barin
336 2443 511 2493 heroinam
536 2444 694 2488 intelligit
722 2443 872 2487 Heynius
901 2444 1033 2487 (opusc.
1054 2444 1100 2477 11.
1121 2455 1155 2487 Ρ.
1180 2446 1266 2485 173.)
1294 2444 1329 2476 in
1353 2450 1444 2477 veste
1466 2444 1677 2478 Alcisthenis.
1746 2445 1786 2485 ²²)
1810 2445 1903 2492 Quae
1927 2445 2050 2478 deinde
2080 2453 2267 2490 sequuntur

210 2486 304 2530 apud
324 2485 540 2518 Aristotelem
562 2493 681 2529 aperte
704 2492 892 2519 monstrant
914 2487 1079 2518 nonnulla
1102 2487 1240 2518 confusa
1264 2497 1337 2518 esse
1361 2488 1404 2519 ab
1437 2494 1654 2529 excerptore,
1687 2487 1740 2518 cui
1771 2498 1845 2519 eam
1874 2487 1953 2519 libri
1984 2488 2027 2520 de
2057 2489 2266 2523 mirabilibus

211 2528 367 2568 formam,
390 2528 498 2571 qualis
520 2539 612 2560 nunc
636 2534 695 2565 est,
718 2528 894 2562 debemus.
911 2569 928 2576 -
941 2531 984 2569 ²³)
1005 2529 1044 2560 In
1066 2528 1212 2560 Laconia
1233 2526 1328 2570 παροῖ
1351 2527 1390 2562 τὸ
1414 2526 1482 2562 τῶν
1503 2527 1744 2563 Λευκιππίδων
1767 2527 1857 2570 ιἐρόν
1879 2537 2045 2562 memorat
2066 2531 2265 2565 Plutarchus

260 2576 342 2602 aest.
365 2580 476 2614 graec.
498 2571 550 2610 48.
571 2568 633 2604 τοῦ
653 2569 833 2603 Ὀδυσσέως
854 2568 978 2612 ἤρωον.
1024 2570 1236 2603 Colebantur
1264 2572 1386 2603 heroes
1413 2572 1493 2603 belli
1517 2572 1658 2612 Trojani
1691 2572 1832 2603 diversis
1859 2572 1894 2602 in
1918 2572 2062 2604 Graecia
2085 2573 2181 2612 locis,
2214 2574 2266 2606 uti

210 2582 259 2645 ἒ
275 2613 393 2656 Ulysse
416 2618 450 2643 et
470 2613 619 2644 Hectore
642 2612 773 2644 monuit
795 2613 969 2645 Dissenius
991 2613 1033 2644 ad
1054 2613 1152 2646 Pind.
1173 2612 1293 2655 explic.
1314 2625 1349 2656 p.
1372 2616 1445 2655 424.
1467 2615 1529 2646 537
1551 2625 1602 2656 sq.
1624 2614 1773 2645 Boeckh.
1839 2615 1881 2653 Η)
1904 2613 2037 2645 Exstitit
2059 2614 2181 2646 deinde
2207 2616 2267 2647 mi-

210 2665 269 2687 rus
291 2654 428 2699 quidam
450 2653 643 2686 fabularum
665 2665 789 2694 nexus,
837 2655 934 2687 artim
956 2654 1052 2700 quod
1073 2655 1225 2688 Graecus
1248 2654 1347 2687 heros
1371 2667 1446 2687 cuin
1469 2655 1627 2698 indigena
1649 2656 1808 2687 confusus
1830 2661 1882 2688 est
1900 2655 2011 2699 (quod
2034 2656 2075 2688 de
2098 2656 2268 2691 Diomede

235 2697 360 2746 rohari.
385 2699 537 2746 potest),⁴
571 2697 697 2739 partim
730 2709 801 2741 quo
847 2698 1059 2730 Graecorum
1085 2698 1229 2730 heroum
1250 2698 1386 2730 fabulae
1408 2699 1499 2730 inter
1519 2709 1555 2729 se
1577 2698 1776 2730 commixtae
1802 2704 1894 2732 sunt.
1929 2699 1991 2730 =Sic
2014 2699 2140 2742 opinor
2162 2701 2267 2733 efficit

240 2738 378 2781 pollinis
398 2739 623 2781 Herculisque
645 2740 772 2779 cultus,
809 2751 878 2784 quo
901 2739 1071 2772 florebant
1093 2739 1353 2778 Crotonienses,
1390 2747 1428 2772 ut
1450 2740 1652 2771 Philoctetes
1676 2740 1829 2772 llerculis
1851 2741 1918 2772 tela
1940 2741 1983 2772 ab
2010 2742 2069 2773 illo
2092 2742 2127 2772 in
2150 2748 2266 2774 monte

211 2780 299 2831 Oeta
319 2791 358 2813 su
383 2792 514 2831 remam
536 2780 684 2814 obeunte
707 2782 797 2815 diem
818 2793 898 2815 acce
922 2788 957 2815 ta
978 2782 1028 2823 (H
1074 2779 1257 2816 in.fab.36.
1279 2782 1433 2815 Philostr.
1457 2782 1581 2815 heroic.
1604 2788 1637 2819 5.
1660 2794 1694 2826 p.
1710 2785 1784 2818 702.
1807 2782 1925 2821 Olcar)
1952 2782 1987 2815 in
2010 2784 2139 2827 templo
2161 2784 2263 2827 Apol-

210 2824 287 2856 linis
315 2822 369 2853 Ha
385 2834 407 2853 ii
443 2824 619 2856 devovisse
652 2824 861 2859 crederetur.
932 2831 1012 2868 tym.
1029 2792 1140 2869 §agn
1159 2823 1310 2873 ’.ᾼλαῖος.
1353 2826 1491 2858 Mi'iller.
1521 2825 1605 2857 Dor.
1631 2826 1662 2859 Ι.
1683 2837 1719 2868 Ρ.
1739 2826 1811 2860 449.
1855 2826 1987 2857 Verum
2020 2827 2120 2857 etiam
2146 2826 2261 2857 Petilia

211 2863 415 2898 Herculeam
438 2875 575 2898 servare
597 2866 745 2910 superba
768 2872 841 2898 erat
866 2867 1080 2911 pharetram,
1101 2873 1140 2899 ut
1161 2873 1207 2899 ait
1228 2867 1328 2900 Silius
1352 2867 1449 2906 xil„
1476 2868 1571 2909 433.;
1614 2867 1802 2908 cujusmodi
1825 2867 2018 2899 fabularum
2041 2866 2262 2908 discrepantia

210 2907 326 2941 nescio
349 2917 391 2940 an
413 2905 579 2955 debeatur
602 2908 874 2942 Crotoniensium
896 2915 929 2941 et
951 2909 1187 2954 Sybaritarum
1208 2909 1308 2950 rixis,
1331 2909 1388 2953 qui
1410 2910 1475 2942 sibi
1497 2921 1574 2941 cum
1595 2910 1701 2942 heroe
1722 2910 1841 2949 urbes,
1864 2920 1948 2953 quas
1971 2909 2158 2942 condidisse
2170 2909 2265 2942 ‘sere-

210 2951 323 2991 batur,
344 2948 546 2983 vindicaturi
569 2957 677 2985 erant.
719 2952 813 2984 Haec
835 2952 1039 2991 memoravi,
1059 2958 1099 2984 ut
1120 2957 1289 2984 constaret
1311 2952 1354 2984 de
1375 2952 1520 2997 ratione,
1542 2963 1610 2996 qua
1631 2953 1774 2985 heroum
1796 2962 1892 2984 sacra
1912 2951 1947 2982 in
1968 2951 2096 2982 ltaliam
2118 2961 2138 2983 e
2161 2952 2267 2985 Grae-
