<?xml version="1.0" encoding="UTF-8"?>
<!DOCTYPE html PUBLIC "-//W3C//DTD XHTML 1.0 Transitional//EN"
    "http://www.w3.org/TR/xhtml1/DTD/xhtml1-transitional.dtd">
<html xmlns="http://www.w3.org/1999/xhtml" xml:lang="en" lang="en">
 <head>
  <title>
</title>
<meta http-equiv="Content-Type" content="text/html;charset=utf-8" />
  <meta name='ocr-system' content='tesseract 3.04.00' />
  <meta name='ocr-capabilities' content='ocr_page ocr_carea ocr_par ocr_line ocrx_word'/>
</head>
<body>
  <div class='ocr_page' id='page_1' title='image "./4626098_0036.png"; bbox 0 0 2468 3070; ppageno 0'>
   <div class='ocr_carea' id='block_1_1' title="bbox 1196 50 1247 89">
    <p class='ocr_par' dir='ltr' id='par_1_1' title="bbox 1196 50 1247 89">
     <span class='ocr_line' id='line_1_1' title="bbox 1196 50 1247 89; baseline -0.02 0"><span class='ocrx_word' id='word_1_1' title='bbox 1196 50 1247 89; x_wconf 66' lang='lat'><strong>21</strong></span> 
     </span>
    </p>
   </div>
   <div class='ocr_carea' id='block_1_2' title="bbox 1139 103 1300 111">
    <p class='ocr_par' dir='ltr' id='par_1_2' title="bbox 1139 103 1300 111">
     <span class='ocr_line' id='line_1_2' title="bbox 1139 103 1300 111; baseline 0 0"><span class='ocrx_word' id='word_1_2' title='bbox 1139 103 1300 111; x_wconf 95' lang='lat' dir='ltr'><strong> </strong></span> 
     </span>
    </p>
   </div>
   <div class='ocr_carea' id='block_1_3' title="bbox 192 151 2312 1952">
    <p class='ocr_par' dir='ltr' id='par_1_3' title="bbox 192 151 2312 1457">
     <span class='ocr_line' id='line_1_3' title="bbox 193 151 2259 217; baseline -0.003 -13"><span class='ocrx_word' id='word_1_3' title='bbox 193 165 413 217; x_wconf 84' lang='lat' dir='ltr'><strong>Stephanus</strong></span> <span class='ocrx_word' id='word_1_4' title='bbox 439 166 534 212; x_wconf 79' lang='lat' dir='ltr'><strong>Byz.</strong></span> <span class='ocrx_word' id='word_1_5' title='bbox 560 163 585 202; x_wconf 85' lang='lat'><strong>1.</strong></span> <span class='ocrx_word' id='word_1_6' title='bbox 614 173 649 202; x_wconf 81' lang='lat' dir='ltr'><strong>c.</strong></span> <span class='ocrx_word' id='word_1_7' title='bbox 678 159 875 212; x_wconf 81' lang='lat' dir='ltr'><strong>explicare</strong></span> <span class='ocrx_word' id='word_1_8' title='bbox 908 160 1085 210; x_wconf 87' lang='lat' dir='ltr'><strong>potuerit</strong></span> <span class='ocrx_word' id='word_1_9' title='bbox 1119 154 1195 199; x_wconf 73' lang='grc' dir='ltr'><strong>τόν</strong></span> <span class='ocrx_word' id='word_1_10' title='bbox 1232 156 1285 197; x_wconf 73' lang='grc' dir='ltr'><strong>τοὶ</strong></span> <span class='ocrx_word' id='word_1_11' title='bbox 1324 151 1495 210; x_wconf 65' lang='grc' dir='ltr'><em>τραγικά</em></span> <span class='ocrx_word' id='word_1_12' title='bbox 1520 157 1924 209; x_wconf 75' lang='grc' dir='ltr'><strong>μεταρῤυθμίζοντα</strong></span> <span class='ocrx_word' id='word_1_13' title='bbox 1957 160 1997 202; x_wconf 76' lang='grc' dir='ltr'><strong>ἐς</strong></span> <span class='ocrx_word' id='word_1_14' title='bbox 2023 156 2071 199; x_wconf 71' lang='lat' dir='ltr'><strong>‘to&#39;</strong></span> <span class='ocrx_word' id='word_1_15' title='bbox 2093 157 2259 211; x_wconf 75' lang='grc' dir='ltr'><strong>γελοῖον</strong></span> 
     </span>
     <span class='ocr_line' id='line_1_4' title="bbox 194 208 2259 268; baseline -0.004 -14"><span class='ocrx_word' id='word_1_16' title='bbox 194 216 266 263; x_wconf 84' lang='lat' dir='ltr'><strong>(cf.</strong></span> <span class='ocrx_word' id='word_1_17' title='bbox 294 213 454 252; x_wconf 90' lang='lat' dir='ltr'><strong>Casaub.</strong></span> <span class='ocrx_word' id='word_1_18' title='bbox 482 214 521 248; x_wconf 90' lang='lat' dir='ltr'><strong>in</strong></span> <span class='ocrx_word' id='word_1_19' title='bbox 545 213 706 251; x_wconf 82' lang='lat' dir='ltr'><strong>Sueten.</strong></span> <span class='ocrx_word' id='word_1_20' title='bbox 733 211 868 250; x_wconf 83' lang='lat' dir='ltr'><strong>Tiber.</strong></span> <span class='ocrx_word' id='word_1_21' title='bbox 892 211 992 256; x_wconf 76' lang='grc'>58),</span> <span class='ocrx_word' id='word_1_22' title='bbox 1019 210 1168 268; x_wconf 87' lang='lat' dir='ltr'><strong>quippe</strong></span> <span class='ocrx_word' id='word_1_23' title='bbox 1194 210 1263 260; x_wconf 88' lang='lat' dir='ltr'><strong>qui</strong></span> <span class='ocrx_word' id='word_1_24' title='bbox 1288 209 1457 254; x_wconf 80' lang='lat' dir='ltr'><strong>luserat,</strong></span> <span class='ocrx_word' id='word_1_25' title='bbox 1502 208 1541 244; x_wconf 88' lang='lat' dir='ltr'><strong>in</strong></span> <span class='ocrx_word' id='word_1_26' title='bbox 1567 209 1710 258; x_wconf 84' lang='lat' dir='ltr'><strong>quibus</strong></span> <span class='ocrx_word' id='word_1_27' title='bbox 1739 211 1846 246; x_wconf 86' lang='lat' dir='ltr'><strong>lusus</strong></span> <span class='ocrx_word' id='word_1_28' title='bbox 1873 221 1950 246; x_wconf 90' lang='lat' dir='ltr'><strong>non</strong></span> <span class='ocrx_word' id='word_1_29' title='bbox 1976 216 2079 257; x_wconf 82' lang='lat' dir='ltr'><strong>erat,</strong></span> <span class='ocrx_word' id='word_1_30' title='bbox 2119 208 2259 257; x_wconf 81' lang='grc' dir='ltr'><strong><em>φλυα-</em></strong></span> 
     </span>
     <span class='ocr_line' id='line_1_5' title="bbox 193 252 2259 316; baseline -0.008 -14"><span class='ocrx_word' id='word_1_31' title='bbox 193 267 277 316; x_wconf 73' lang='grc' dir='ltr'><strong>ρῶν</strong></span> <span class='ocrx_word' id='word_1_32' title='bbox 302 261 507 314; x_wconf 73' lang='grc' dir='ltr'><em>ἄντικρυς.</em></span> <span class='ocrx_word' id='word_1_33' title='bbox 558 261 786 299; x_wconf 84' lang='lat' dir='ltr'><strong>Eustathius</strong></span> <span class='ocrx_word' id='word_1_34' title='bbox 814 260 861 297; x_wconf 86' lang='lat' dir='ltr'><strong>ad</strong></span> <span class='ocrx_word' id='word_1_35' title='bbox 887 260 1004 296; x_wconf 82' lang='lat' dir='ltr'><strong>Dion.</strong></span> <span class='ocrx_word' id='word_1_36' title='bbox 1032 261 1191 309; x_wconf 74' lang='lat' dir='ltr'><strong>Pet-ieg.</strong></span> <span class='ocrx_word' id='word_1_37' title='bbox 1217 259 1242 297; x_wconf 87' lang='lat' dir='ltr'><strong>l.</strong></span> <span class='ocrx_word' id='word_1_38' title='bbox 1266 271 1301 296; x_wconf 90' lang='lat' dir='ltr'><strong>c.</strong></span> <span class='ocrx_word' id='word_1_39' title='bbox 1329 259 1394 305; x_wconf 87' lang='lat' dir='ltr'><strong>ait,</strong></span> <span class='ocrx_word' id='word_1_40' title='bbox 1420 252 1605 307; x_wconf 78' lang='grc' dir='ltr'><strong><em>φλύακος</em></strong></span> <span class='ocrx_word' id='word_1_41' title='bbox 1632 270 1775 295; x_wconf 89' lang='lat' dir='ltr'><strong>nomen</strong></span> <span class='ocrx_word' id='word_1_42' title='bbox 1802 255 2121 308; x_wconf 69' lang='grc' dir='ltr'><strong><em>ὑποκοριστικῶς</em></strong></span> <span class='ocrx_word' id='word_1_43' title='bbox 2147 259 2259 295; x_wconf 75' lang='lat' dir='ltr'><strong>intel-</strong></span> 
     </span>
     <span class='ocr_line' id='line_1_6' title="bbox 194 305 2259 366; baseline -0.004 -14"><span class='ocrx_word' id='word_1_44' title='bbox 194 313 391 366; x_wconf 87' lang='lat' dir='ltr'><strong>ligendum</strong></span> <span class='ocrx_word' id='word_1_45' title='bbox 417 327 525 360; x_wconf 86' lang='lat' dir='ltr'><strong>esse,</strong></span> <span class='ocrx_word' id='word_1_46' title='bbox 558 319 601 349; x_wconf 85' lang='lat' dir='ltr'><strong>ut</strong></span> <span class='ocrx_word' id='word_1_47' title='bbox 628 311 723 347; x_wconf 90' lang='lat' dir='ltr'><strong>nihil</strong></span> <span class='ocrx_word' id='word_1_48' title='bbox 748 310 839 347; x_wconf 90' lang='lat' dir='ltr'><strong>mali</strong></span> <span class='ocrx_word' id='word_1_49' title='bbox 864 309 1001 347; x_wconf 87' lang='lat' dir='ltr'><strong>ominis</strong></span> <span class='ocrx_word' id='word_1_50' title='bbox 1030 308 1119 347; x_wconf 80' lang='lat' dir='ltr'><strong>voci</strong></span> <span class='ocrx_word' id='word_1_51' title='bbox 1143 308 1287 356; x_wconf 79' lang='lat' dir='ltr'>subsit,</span> <span class='ocrx_word' id='word_1_52' title='bbox 1317 321 1415 349; x_wconf 14' lang='lat' dir='ltr'><strong>Vnam</strong></span> <span class='ocrx_word' id='word_1_53' title='bbox 1441 309 1546 345; x_wconf 90' lang='lat' dir='ltr'><strong>idem</strong></span> <span class='ocrx_word' id='word_1_54' title='bbox 1570 307 1767 354; x_wconf 82' lang='lat' dir='ltr'><strong>Rhintho,</strong></span> <span class='ocrx_word' id='word_1_55' title='bbox 1809 310 1878 360; x_wconf 89' lang='lat' dir='ltr'><strong>qui</strong></span> <span class='ocrx_word' id='word_1_56' title='bbox 1904 305 2038 358; x_wconf 75' lang='grc' dir='ltr'><strong><em>φλύαξ</em></strong></span> <span class='ocrx_word' id='word_1_57' title='bbox 2065 309 2211 346; x_wconf 89' lang='lat' dir='ltr'><strong>dicitur</strong></span> <span class='ocrx_word' id='word_1_58' title='bbox 2237 322 2259 345; x_wconf 85' lang='lat' dir='ltr'><strong>a</strong></span> 
     </span>
     <span class='ocr_line' id='line_1_7' title="bbox 193 355 2258 412; baseline -0.006 -9"><span class='ocrx_word' id='word_1_59' title='bbox 193 364 326 410; x_wconf 86' lang='lat' dir='ltr'><strong>Suida,</strong></span> <span class='ocrx_word' id='word_1_60' title='bbox 352 364 523 402; x_wconf 90' lang='lat' dir='ltr'><strong>comicus</strong></span> <span class='ocrx_word' id='word_1_61' title='bbox 553 368 716 400; x_wconf 80' lang='lat' dir='ltr'><strong>vocatur</strong></span> <span class='ocrx_word' id='word_1_62' title='bbox 741 360 789 398; x_wconf 87' lang='lat' dir='ltr'><strong>ab</strong></span> <span class='ocrx_word' id='word_1_63' title='bbox 817 359 971 399; x_wconf 83' lang='lat' dir='ltr'><strong>eodem.</strong></span> <span class='ocrx_word' id='word_1_64' title='bbox 1003 358 1192 409; x_wconf 84' lang='lat' dir='ltr'><strong>Stephani</strong></span> <span class='ocrx_word' id='word_1_65' title='bbox 1219 358 1425 409; x_wconf 84' lang='lat' dir='ltr'>explicatio</span> <span class='ocrx_word' id='word_1_66' title='bbox 1451 370 1499 396; x_wconf 91' lang='lat' dir='ltr'><strong>eo</strong></span> <span class='ocrx_word' id='word_1_67' title='bbox 1526 357 1685 410; x_wconf 82' lang='lat' dir='ltr'>egregie</span> <span class='ocrx_word' id='word_1_68' title='bbox 1712 358 1906 406; x_wconf 87' lang='lat' dir='ltr'><strong>firmatur,</strong></span> <span class='ocrx_word' id='word_1_69' title='bbox 1940 360 2045 412; x_wconf 85' lang='lat' dir='ltr'><strong>quod</strong></span> <span class='ocrx_word' id='word_1_70' title='bbox 2073 355 2258 409; x_wconf 68' lang='grc' dir='ltr'><strong><em>φλύακες</em></strong></span> 
     </span>
     <span class='ocr_line' id='line_1_8' title="bbox 192 409 2258 469; baseline -0.004 -15"><span class='ocrx_word' id='word_1_71' title='bbox 192 413 373 469; x_wconf 76' lang='grc' dir='ltr'><strong><em>τραγικοί</em></strong></span> <span class='ocrx_word' id='word_1_72' title='bbox 398 415 436 450; x_wconf 90' lang='lat' dir='ltr'><strong>in</strong></span> <span class='ocrx_word' id='word_1_73' title='bbox 463 412 637 450; x_wconf 86' lang='lat' dir='ltr'><strong>Nossidis</strong></span> <span class='ocrx_word' id='word_1_74' title='bbox 666 411 942 461; x_wconf 79' lang='lat' dir='ltr'><strong>epigrammate</strong></span> <span class='ocrx_word' id='word_1_75' title='bbox 969 409 1183 445; x_wconf 89' lang='lat' dir='ltr'><strong>Rhinthoni</strong></span> <span class='ocrx_word' id='word_1_76' title='bbox 1211 410 1449 457; x_wconf 89' lang='lat' dir='ltr'><strong>tribuuntur,</strong></span> <span class='ocrx_word' id='word_1_77' title='bbox 1504 422 1553 446; x_wconf 91' lang='lat' dir='ltr'><strong>uo</strong></span> <span class='ocrx_word' id='word_1_78' title='bbox 1581 409 1676 445; x_wconf 88' lang='lat' dir='ltr'><strong>item</strong></span> <span class='ocrx_word' id='word_1_79' title='bbox 1703 417 1854 458; x_wconf 89' lang='lat' dir='ltr'><strong>spectat</strong></span> <span class='ocrx_word' id='word_1_80' title='bbox 1879 410 2258 459; x_wconf 86' lang='lat' dir='ltr'><strong>hilarotragoe—</strong></span> 
     </span>
     <span class='ocr_line' id='line_1_9' title="bbox 193 422 2257 513; baseline -0.006 -7"><span class='ocrx_word' id='word_1_81' title='bbox 193 468 307 506; x_wconf 86' lang='lat' dir='ltr'><strong>diae</strong></span> <span class='ocrx_word' id='word_1_82' title='bbox 334 466 391 501; x_wconf 86' lang='lat' dir='ltr'><strong>sic</strong></span> <span class='ocrx_word' id='word_1_83' title='bbox 419 463 544 502; x_wconf 89' lang='lat' dir='ltr'><strong>dictae</strong></span> <span class='ocrx_word' id='word_1_84' title='bbox 571 475 713 500; x_wconf 77' lang='lat' dir='ltr'><strong>nomen</strong></span> <span class='ocrx_word' id='word_1_85' title='bbox 739 458 1092 513; x_wconf 88' lang='lat' dir='ltr'><strong>phlyacographiae</strong></span> <span class='ocrx_word' id='word_1_86' title='bbox 1119 469 1368 512; x_wconf 84' lang='lat' dir='ltr'><strong>synonymum</strong></span> <span class='ocrx_word' id='word_1_87' title='bbox 1395 422 1500 510; x_wconf 67' lang='lat' dir='ltr'><strong>apud</strong></span> <span class='ocrx_word' id='word_1_88' title='bbox 1522 458 1679 497; x_wconf 89' lang='lat' dir='ltr'><strong>Suidam</strong></span> <span class='ocrx_word' id='word_1_89' title='bbox 1706 458 1733 498; x_wconf 72' lang='lat' dir='ltr'><strong>l.</strong></span> <span class='ocrx_word' id='word_1_90' title='bbox 1761 461 1872 504; x_wconf 83' lang='lat' dir='ltr'><strong>c.²⁷),</strong></span> <span class='ocrx_word' id='word_1_91' title='bbox 1901 460 1996 497; x_wconf 85' lang='lat' dir='ltr'><strong>nihil</strong></span> <span class='ocrx_word' id='word_1_92' title='bbox 2023 459 2127 497; x_wconf 90' lang='lat' dir='ltr'><strong>enim</strong></span> <span class='ocrx_word' id='word_1_93' title='bbox 2153 458 2257 496; x_wconf 86' lang='lat' dir='ltr'><strong>aliud</strong></span> 
     </span>
     <span class='ocr_line' id='line_1_10' title="bbox 193 509 2259 564; baseline -0.005 -10"><span class='ocrx_word' id='word_1_94' title='bbox 193 518 249 554; x_wconf 86' lang='lat' dir='ltr'><strong>illi</strong></span> <span class='ocrx_word' id='word_1_95' title='bbox 274 509 565 564; x_wconf 61' lang='lat' dir='ltr'><strong>‹pidaneg&#39;sive</strong></span> <span class='ocrx_word' id='word_1_96' title='bbox 590 512 917 563; x_wconf 86' lang='lat' dir='ltr'><strong>hilarotragodiae</strong></span> <span class='ocrx_word' id='word_1_97' title='bbox 944 511 1065 548; x_wconf 82' lang='lat' dir='ltr'><strong>fuisse</strong></span> <span class='ocrx_word' id='word_1_98' title='bbox 1091 513 1300 557; x_wconf 87' lang='lat' dir='ltr'><strong>videntur,</strong></span> <span class='ocrx_word' id='word_1_99' title='bbox 1336 524 1449 562; x_wconf 89' lang='lat' dir='ltr'><strong>quam</strong></span> <span class='ocrx_word' id='word_1_100' title='bbox 1477 509 1705 559; x_wconf 83' lang='lat' dir='ltr'><strong>tragoediae</strong></span> <span class='ocrx_word' id='word_1_101' title='bbox 1730 510 1771 545; x_wconf 91' lang='lat' dir='ltr'><strong>in</strong></span> <span class='ocrx_word' id='word_1_102' title='bbox 1796 510 2006 546; x_wconf 85' lang='lat' dir='ltr'><strong>ridiculum</strong></span> <span class='ocrx_word' id='word_1_103' title='bbox 2032 520 2259 554; x_wconf 84' lang='lat' dir='ltr'><strong>conversae,</strong></span> 
     </span>
     <span class='ocr_line' id='line_1_11' title="bbox 192 557 2261 612; baseline -0.005 -9"><span class='ocrx_word' id='word_1_104' title='bbox 192 578 265 603; x_wconf 84' lang='lat' dir='ltr'><strong>nos</strong></span> <span class='ocrx_word' id='word_1_105' title='bbox 291 565 455 602; x_wconf 88' lang='lat' dir='ltr'><strong>dicimus</strong></span> <span class='ocrx_word' id='word_1_106' title='bbox 483 562 773 600; x_wconf 86' lang='lat' dir='ltr'><strong>Travestie.-</strong></span> <span class='ocrx_word' id='word_1_107' title='bbox 798 562 849 599; x_wconf 85' lang='lat' dir='ltr'><strong>cf.</strong></span> <span class='ocrx_word' id='word_1_108' title='bbox 877 561 1026 611; x_wconf 89' lang='lat' dir='ltr'><strong>Cuperi</strong></span> <span class='ocrx_word' id='word_1_109' title='bbox 1053 561 1155 598; x_wconf 90' lang='lat' dir='ltr'><strong>obss.</strong></span> <span class='ocrx_word' id='word_1_110' title='bbox 1181 576 1219 612; x_wconf 89' lang='lat' dir='ltr'><strong>p.</strong></span> <span class='ocrx_word' id='word_1_111' title='bbox 1245 562 1297 598; x_wconf 75' lang='lat'><strong>76</strong></span> <span class='ocrx_word' id='word_1_112' title='bbox 1321 574 1379 610; x_wconf 89' lang='lat' dir='ltr'><strong>sq.</strong></span> <span class='ocrx_word' id='word_1_113' title='bbox 1429 561 1543 597; x_wconf 89' lang='lat' dir='ltr'><strong>Patet</strong></span> <span class='ocrx_word' id='word_1_114' title='bbox 1569 559 1702 605; x_wconf 88' lang='lat' dir='ltr'><strong>simul,</strong></span> <span class='ocrx_word' id='word_1_115' title='bbox 1742 571 1815 595; x_wconf 87' lang='lat' dir='ltr'><strong>cur</strong></span> <span class='ocrx_word' id='word_1_116' title='bbox 1841 557 2171 608; x_wconf 88' lang='lat' dir='ltr'><strong>hilarotragoedia</strong></span> <span class='ocrx_word' id='word_1_117' title='bbox 2197 557 2261 593; x_wconf 89' lang='lat' dir='ltr'><strong>ad-</strong></span> 
     </span>
     <span class='ocr_line' id='line_1_12' title="bbox 192 608 2261 660; baseline -0.004 -8"><span class='ocrx_word' id='word_1_118' title='bbox 192 615 351 652; x_wconf 82' lang='lat' dir='ltr'><strong>modum</strong></span> <span class='ocrx_word' id='word_1_119' title='bbox 377 625 464 650; x_wconf 89' lang='lat' dir='ltr'><strong>sera</strong></span> <span class='ocrx_word' id='word_1_120' title='bbox 491 612 688 648; x_wconf 88' lang='lat' dir='ltr'><strong>exstiterit</strong></span> <span class='ocrx_word' id='word_1_121' title='bbox 715 612 875 649; x_wconf 83' lang='lat' dir='ltr'><strong>Miiller.</strong></span> <span class='ocrx_word' id='word_1_122' title='bbox 903 612 1002 649; x_wconf 87' lang='lat' dir='ltr'><strong>Dor.</strong></span> <span class='ocrx_word' id='word_1_123' title='bbox 1028 618 1124 647; x_wconf 81' lang='lat' dir='ltr'><strong>tom.</strong></span> <span class='ocrx_word' id='word_1_124' title='bbox 1152 613 1196 646; x_wconf 81' lang='lat' dir='ltr'><strong>ll.</strong></span> <span class='ocrx_word' id='word_1_125' title='bbox 1224 624 1264 660; x_wconf 85' lang='lat' dir='ltr'><strong>p.</strong></span> <span class='ocrx_word' id='word_1_126' title='bbox 1291 611 1393 653; x_wconf 66' lang='lat'><strong>364..</strong></span> <span class='ocrx_word' id='word_1_127' title='bbox 1426 608 1639 659; x_wconf 84' lang='lat' dir='ltr'><strong>oportebat</strong></span> <span class='ocrx_word' id='word_1_128' title='bbox 1666 608 1767 644; x_wconf 90' lang='lat' dir='ltr'><strong>enim</strong></span> <span class='ocrx_word' id='word_1_129' title='bbox 1795 616 1836 645; x_wconf 88' lang='lat' dir='ltr'><strong>et</strong></span> <span class='ocrx_word' id='word_1_130' title='bbox 1860 608 2101 657; x_wconf 82' lang='lat' dir='ltr'><strong>tragoediam</strong></span> <span class='ocrx_word' id='word_1_131' title='bbox 2128 614 2169 643; x_wconf 90' lang='lat' dir='ltr'><strong>et</strong></span> <span class='ocrx_word' id='word_1_132' title='bbox 2195 618 2261 643; x_wconf 78' lang='lat' dir='ltr'><strong>co—</strong></span> 
     </span>
     <span class='ocr_line' id='line_1_13' title="bbox 192 656 2312 710; baseline -0.004 -9"><span class='ocrx_word' id='word_1_133' title='bbox 192 664 384 701; x_wconf 83' lang='lat' dir='ltr'><strong>moediam</strong></span> <span class='ocrx_word' id='word_1_134' title='bbox 411 664 567 700; x_wconf 84' lang='lat' dir='ltr'><strong>omnino</strong></span> <span class='ocrx_word' id='word_1_135' title='bbox 590 661 786 698; x_wconf 62' lang='lat' dir='ltr'><strong>&lt;excultam</strong></span> <span class='ocrx_word' id='word_1_136' title='bbox 812 672 898 697; x_wconf 88' lang='lat' dir='ltr'><strong>esse</strong></span> <span class='ocrx_word' id='word_1_137' title='bbox 925 666 965 695; x_wconf 92' lang='lat' dir='ltr'><strong>et</strong></span> <span class='ocrx_word' id='word_1_138' title='bbox 1001 659 1234 705; x_wconf 82' lang='lat' dir='ltr'><strong>absolutam,</strong></span> <span class='ocrx_word' id='word_1_139' title='bbox 1287 659 1392 710; x_wconf 88' lang='lat' dir='ltr'><strong>quod</strong></span> <span class='ocrx_word' id='word_1_140' title='bbox 1425 656 1571 695; x_wconf 82' lang='lat' dir='ltr'><strong>factum</strong></span> <span class='ocrx_word' id='word_1_141' title='bbox 1609 665 1669 694; x_wconf 90' lang='lat' dir='ltr'><strong>cst</strong></span> <span class='ocrx_word' id='word_1_142' title='bbox 1693 657 1896 707; x_wconf 78' lang='lat' dir='ltr'><strong>Euripidis</strong></span> <span class='ocrx_word' id='word_1_143' title='bbox 1923 665 1964 694; x_wconf 89' lang='lat' dir='ltr'><strong>et</strong></span> <span class='ocrx_word' id='word_1_144' title='bbox 1992 656 2259 706; x_wconf 76' lang='lat' dir='ltr'><strong>Aristophanis</strong></span> <span class='ocrx_word' id='word_1_145' title='bbox 2309 664 2312 666; x_wconf 65' lang='grc'><strong>“</strong></span> 
     </span>
     <span class='ocr_line' id='line_1_14' title="bbox 193 706 2261 760; baseline -0.005 -9"><span class='ocrx_word' id='word_1_146' title='bbox 193 721 319 751; x_wconf 90' lang='lat' dir='ltr'><strong>aetate</strong></span> <span class='ocrx_word' id='word_1_147' title='bbox 348 712 502 760; x_wconf 88' lang='lat' dir='ltr'><strong>Olymp.</strong></span> <span class='ocrx_word' id='word_1_148' title='bbox 532 711 745 748; x_wconf 76' lang='lat' dir='ltr'><strong>Lxxx.-</strong></span> <span class='ocrx_word' id='word_1_149' title='bbox 762 710 866 755; x_wconf 85' lang='lat' dir='ltr'><strong>XC.,</strong></span> <span class='ocrx_word' id='word_1_150' title='bbox 904 715 1110 758; x_wconf 84' lang='lat' dir='ltr'><strong>antequam</strong></span> <span class='ocrx_word' id='word_1_151' title='bbox 1145 721 1290 745; x_wconf 90' lang='lat' dir='ltr'><strong>novum</strong></span> <span class='ocrx_word' id='word_1_152' title='bbox 1327 708 1542 744; x_wconf 79' lang='lat' dir='ltr'><strong>dramatum</strong></span> <span class='ocrx_word' id='word_1_153' title='bbox 1576 719 1698 757; x_wconf 88' lang='lat' dir='ltr'><strong>genus</strong></span> <span class='ocrx_word' id='word_1_154' title='bbox 1725 707 1773 743; x_wconf 91' lang='lat' dir='ltr'><strong>ad</strong></span> <span class='ocrx_word' id='word_1_155' title='bbox 1799 708 1893 744; x_wconf 87' lang='lat' dir='ltr'><strong>artis</strong></span> <span class='ocrx_word' id='word_1_156' title='bbox 1919 708 2047 757; x_wconf 90' lang='lat' dir='ltr'><strong>legem</strong></span> <span class='ocrx_word' id='word_1_157' title='bbox 2074 706 2261 743; x_wconf 87' lang='lat' dir='ltr'><strong>constitu·</strong></span> 
     </span>
     <span class='ocr_line' id='line_1_15' title="bbox 193 755 2261 811; baseline -0.004 -11"><span class='ocrx_word' id='word_1_158' title='bbox 193 771 287 809; x_wconf 91' lang='lat' dir='ltr'><strong>tum,</strong></span> <span class='ocrx_word' id='word_1_159' title='bbox 314 762 463 811; x_wconf 88' lang='lat' dir='ltr'><strong>tragica</strong></span> <span class='ocrx_word' id='word_1_160' title='bbox 487 765 715 808; x_wconf 87' lang='lat' dir='ltr'><strong>argumenta</strong></span> <span class='ocrx_word' id='word_1_161' title='bbox 743 757 970 795; x_wconf 89' lang='lat' dir='ltr'><strong>comoediae</strong></span> <span class='ocrx_word' id='word_1_162' title='bbox 996 758 1118 793; x_wconf 89' lang='lat' dir='ltr'><strong>instar</strong></span> <span class='ocrx_word' id='word_1_163' title='bbox 1143 765 1333 802; x_wconf 86' lang='lat' dir='ltr'><strong>tractans,</strong></span> <span class='ocrx_word' id='word_1_164' title='bbox 1370 757 1410 792; x_wconf 86' lang='lat' dir='ltr'><strong>in</strong></span> <span class='ocrx_word' id='word_1_165' title='bbox 1436 769 1589 793; x_wconf 87' lang='lat' dir='ltr'><strong>scenam</strong></span> <span class='ocrx_word' id='word_1_166' title='bbox 1615 755 1810 805; x_wconf 80' lang='lat' dir='ltr'><strong>prodiret.</strong></span> <span class='ocrx_word' id='word_1_167' title='bbox 1860 758 1995 792; x_wconf 84' lang='lat' dir='ltr'><strong>Paullo</strong></span> <span class='ocrx_word' id='word_1_168' title='bbox 2023 756 2145 806; x_wconf 89' lang='lat' dir='ltr'><strong>igitur</strong></span> <span class='ocrx_word' id='word_1_169' title='bbox 2172 762 2261 791; x_wconf 80' lang='lat' dir='ltr'><strong>ante.</strong></span> 
     </span>
     <span class='ocr_line' id='line_1_16' title="bbox 193 804 2263 857; baseline -0.004 -7"><span class='ocrx_word' id='word_1_170' title='bbox 193 812 460 850; x_wconf 87' lang='lat' dir='ltr'><strong>Rhinthonem</strong></span> <span class='ocrx_word' id='word_1_171' title='bbox 485 809 591 846; x_wconf 86' lang='lat' dir='ltr'><strong>initia</strong></span> <span class='ocrx_word' id='word_1_172' title='bbox 618 820 686 845; x_wconf 88' lang='lat' dir='ltr'><strong>sua</strong></span> <span class='ocrx_word' id='word_1_173' title='bbox 713 806 1044 857; x_wconf 88' lang='lat' dir='ltr'><strong>hilarotragoedia</strong></span> <span class='ocrx_word' id='word_1_174' title='bbox 1069 805 1223 854; x_wconf 83' lang='lat' dir='ltr'><strong>habuit3</strong></span> <span class='ocrx_word' id='word_1_175' title='bbox 1264 814 1354 843; x_wconf 91' lang='lat' dir='ltr'><strong>sunt</strong></span> <span class='ocrx_word' id='word_1_176' title='bbox 1374 813 1504 843; x_wconf 85' lang='lat' dir='ltr'><strong>autem</strong></span> <span class='ocrx_word' id='word_1_177' title='bbox 1522 805 1718 842; x_wconf 89' lang='lat' dir='ltr'><strong>variorum</strong></span> <span class='ocrx_word' id='word_1_178' title='bbox 1740 805 1858 855; x_wconf 84' lang='lat' dir='ltr'><strong>hujus</strong></span> <span class='ocrx_word' id='word_1_179' title='bbox 1884 806 1977 842; x_wconf 87' lang='lat' dir='ltr'><strong>artis</strong></span> <span class='ocrx_word' id='word_1_180' title='bbox 2005 818 2194 856; x_wconf 81' lang='lat' dir='ltr'><strong>generum</strong></span> <span class='ocrx_word' id='word_1_181' title='bbox 2213 804 2263 852; x_wconf 74' lang='lat'><strong>²⁸)</strong></span> 
     </span>
     <span class='ocr_line' id='line_1_17' title="bbox 193 854 2264 909; baseline -0.004 -10"><span class='ocrx_word' id='word_1_182' title='bbox 193 862 347 900; x_wconf 89' lang='lat' dir='ltr'><strong>nomina</strong></span> <span class='ocrx_word' id='word_1_183' title='bbox 371 869 451 908; x_wconf 87' lang='lat' dir='ltr'><strong>tam</strong></span> <span class='ocrx_word' id='word_1_184' title='bbox 476 858 701 909; x_wconf 85' lang='lat' dir='ltr'><strong>promiscue</strong></span> <span class='ocrx_word' id='word_1_185' title='bbox 727 865 913 907; x_wconf 82' lang='lat' dir='ltr'><strong>usurpata</strong></span> <span class='ocrx_word' id='word_1_186' title='bbox 940 857 987 894; x_wconf 91' lang='lat' dir='ltr'><strong>ab</strong></span> <span class='ocrx_word' id='word_1_187' title='bbox 1015 857 1254 902; x_wconf 88' lang='lat' dir='ltr'><strong>auctoribus,</strong></span> <span class='ocrx_word' id='word_1_188' title='bbox 1282 864 1326 894; x_wconf 91' lang='lat' dir='ltr'><strong>ut</strong></span> <span class='ocrx_word' id='word_1_189' title='bbox 1352 857 1416 894; x_wconf 81' lang='lat' dir='ltr'><strong>vix</strong></span> <span class='ocrx_word' id='word_1_190' title='bbox 1445 854 1655 908; x_wconf 85' lang='lat' dir='ltr'><strong>quidquam</strong></span> <span class='ocrx_word' id='word_1_191' title='bbox 1683 856 1785 892; x_wconf 83' lang='lat' dir='ltr'><strong>certi</strong></span> <span class='ocrx_word' id='word_1_192' title='bbox 1812 869 1955 893; x_wconf 89' lang='lat' dir='ltr'><strong>eruere</strong></span> <span class='ocrx_word' id='word_1_193' title='bbox 1980 856 2118 906; x_wconf 85' lang='lat' dir='ltr'><strong>possis.</strong></span> <span class='ocrx_word' id='word_1_194' title='bbox 2155 855 2264 892; x_wconf 84' lang='lat' dir='ltr'><strong>Dicit</strong></span> 
     </span>
     <span class='ocr_line' id='line_1_18' title="bbox 194 900 2265 957; baseline -0.004 -8"><span class='ocrx_word' id='word_1_195' title='bbox 194 912 417 950; x_wconf 83' lang='lat' dir='ltr'><strong>Athenaeus</strong></span> <span class='ocrx_word' id='word_1_196' title='bbox 443 911 543 948; x_wconf 85' lang='lat' dir='ltr'><strong>xlv.</strong></span> <span class='ocrx_word' id='word_1_197' title='bbox 571 921 613 957; x_wconf 82' lang='lat' dir='ltr'><strong>p.</strong></span> <span class='ocrx_word' id='word_1_198' title='bbox 640 910 727 945; x_wconf 81' lang='lat'><strong>621.</strong></span> <span class='ocrx_word' id='word_1_199' title='bbox 754 907 781 944; x_wconf 89' lang='lat' dir='ltr'><strong>f.</strong></span> <span class='ocrx_word' id='word_1_200' title='bbox 809 909 872 956; x_wconf 83' lang='lat'><strong>²⁹),</strong></span> <span class='ocrx_word' id='word_1_201' title='bbox 900 903 1089 954; x_wconf 78' lang='grc' dir='ltr'><strong><em>φλύακας</em></strong></span> <span class='ocrx_word' id='word_1_202' title='bbox 1116 907 1219 957; x_wconf 91' lang='lat' dir='ltr'><strong>apud</strong></span> <span class='ocrx_word' id='word_1_203' title='bbox 1250 908 1367 944; x_wconf 85' lang='lat' dir='ltr'><strong>Italos</strong></span> <span class='ocrx_word' id='word_1_204' title='bbox 1394 918 1482 943; x_wconf 83' lang='lat' dir='ltr'><strong>esse</strong></span> <span class='ocrx_word' id='word_1_205' title='bbox 1509 900 1829 956; x_wconf 79' lang='grc' dir='ltr'><strong><em>δικηλιστοῖς</em></strong></span> <span class='ocrx_word' id='word_1_206' title='bbox 1856 908 2054 943; x_wconf 88' lang='lat' dir='ltr'><strong>Laconum</strong></span> <span class='ocrx_word' id='word_1_207' title='bbox 2078 906 2104 942; x_wconf 84' lang='lat' dir='ltr'><strong>i.</strong></span> <span class='ocrx_word' id='word_1_208' title='bbox 2129 918 2166 942; x_wconf 86' lang='lat' dir='ltr'><strong>e.</strong></span> <span class='ocrx_word' id='word_1_209' title='bbox 2192 905 2265 941; x_wconf 89' lang='lat' dir='ltr'><strong>mi·</strong></span> 
     </span>
     <span class='ocr_line' id='line_1_19' title="bbox 193 953 2264 1010; baseline -0.005 -10"><span class='ocrx_word' id='word_1_210' title='bbox 193 975 347 1000; x_wconf 88' lang='lat' dir='ltr'><strong>morum</strong></span> <span class='ocrx_word' id='word_1_211' title='bbox 374 972 516 1010; x_wconf 91' lang='lat' dir='ltr'><strong>genus,</strong></span> <span class='ocrx_word' id='word_1_212' title='bbox 551 957 751 995; x_wconf 90' lang='lat' dir='ltr'><strong>hominum</strong></span> <span class='ocrx_word' id='word_1_213' title='bbox 775 957 1029 1003; x_wconf 85' lang='lat' dir='ltr'><strong>rusticorum,</strong></span> <span class='ocrx_word' id='word_1_214' title='bbox 1058 969 1136 994; x_wconf 89' lang='lat' dir='ltr'><strong>non</strong></span> <span class='ocrx_word' id='word_1_215' title='bbox 1162 964 1350 995; x_wconf 83' lang='lat' dir='ltr'><strong>actorum.</strong></span> <span class='ocrx_word' id='word_1_216' title='bbox 1402 956 1547 993; x_wconf 80' lang='lat' dir='ltr'><strong>Miiller</strong></span> <span class='ocrx_word' id='word_1_217' title='bbox 1573 958 1668 993; x_wconf 90' lang='lat' dir='ltr'><strong>Dor.</strong></span> <span class='ocrx_word' id='word_1_218' title='bbox 1695 962 1791 993; x_wconf 87' lang='lat' dir='ltr'><strong>tom.</strong></span> <span class='ocrx_word' id='word_1_219' title='bbox 1820 957 1866 993; x_wconf 86' lang='grc' dir='ltr'><strong>ΙΙ.</strong></span> <span class='ocrx_word' id='word_1_220' title='bbox 1892 969 1930 1005; x_wconf 89' lang='lat' dir='ltr'><strong>p.</strong></span> <span class='ocrx_word' id='word_1_221' title='bbox 1955 956 2030 993; x_wconf 78' lang='lat'><strong>343</strong></span> <span class='ocrx_word' id='word_1_222' title='bbox 2055 969 2111 1006; x_wconf 84' lang='lat' dir='ltr'><strong>sq.</strong></span> <span class='ocrx_word' id='word_1_223' title='bbox 2148 953 2264 1002; x_wconf 86' lang='lat' dir='ltr'><strong>Ejus·</strong></span> 
     </span>
     <span class='ocr_line' id='line_1_20' title="bbox 193 1004 2264 1056; baseline -0.003 -9"><span class='ocrx_word' id='word_1_224' title='bbox 193 1011 300 1047; x_wconf 90' lang='lat' dir='ltr'><strong>modi</strong></span> <span class='ocrx_word' id='word_1_225' title='bbox 326 1011 486 1054; x_wconf 84' lang='lat' dir='ltr'><strong>mimos,</strong></span> <span class='ocrx_word' id='word_1_226' title='bbox 515 1020 603 1044; x_wconf 90' lang='lat' dir='ltr'><strong>cum</strong></span> <span class='ocrx_word' id='word_1_227' title='bbox 629 1020 704 1044; x_wconf 86' lang='lat' dir='ltr'><strong>non</strong></span> <span class='ocrx_word' id='word_1_228' title='bbox 733 1007 781 1043; x_wconf 89' lang='lat' dir='ltr'><strong>ad</strong></span> <span class='ocrx_word' id='word_1_229' title='bbox 807 1007 901 1042; x_wconf 83' lang='lat' dir='ltr'><strong>artis</strong></span> <span class='ocrx_word' id='word_1_230' title='bbox 928 1006 1121 1056; x_wconf 88' lang='lat' dir='ltr'><strong>principia</strong></span> <span class='ocrx_word' id='word_1_231' title='bbox 1147 1007 1292 1043; x_wconf 82' lang='lat' dir='ltr'><strong>exculti</strong></span> <span class='ocrx_word' id='word_1_232' title='bbox 1320 1013 1448 1043; x_wconf 85' lang='lat' dir='ltr'><strong>essent</strong></span> <span class='ocrx_word' id='word_1_233' title='bbox 1474 1013 1515 1042; x_wconf 91' lang='lat' dir='ltr'><strong>et</strong></span> <span class='ocrx_word' id='word_1_234' title='bbox 1542 1006 1766 1054; x_wconf 83' lang='lat' dir='ltr'><strong>compositi,</strong></span> <span class='ocrx_word' id='word_1_235' title='bbox 1804 1005 2076 1053; x_wconf 82' lang='lat' dir='ltr'><strong>Sicyoniorum</strong></span> <span class='ocrx_word' id='word_1_236' title='bbox 2101 1004 2264 1053; x_wconf 65' lang='grc' dir='ltr'><strong><em>φαλλο-</em></strong></span> 
     </span>
     <span class='ocr_line' id='line_1_21' title="bbox 194 1049 2264 1112; baseline -0.003 -14"><span class='ocrx_word' id='word_1_237' title='bbox 194 1055 343 1112; x_wconf 83' lang='grc' dir='ltr'><strong><em>φόροις</em></strong></span> <span class='ocrx_word' id='word_1_238' title='bbox 370 1059 529 1108; x_wconf 70' lang='lat' dir='ltr'><strong>(Mfiller</strong></span> <span class='ocrx_word' id='word_1_239' title='bbox 555 1057 581 1096; x_wconf 82' lang='lat' dir='ltr'><strong>l.</strong></span> <span class='ocrx_word' id='word_1_240' title='bbox 610 1069 645 1095; x_wconf 88' lang='lat' dir='ltr'><strong>e.</strong></span> <span class='ocrx_word' id='word_1_241' title='bbox 674 1070 714 1106; x_wconf 87' lang='lat' dir='ltr'><strong>p.</strong></span> <span class='ocrx_word' id='word_1_242' title='bbox 741 1057 817 1093; x_wconf 76' lang='lat'><strong>347</strong></span> <span class='ocrx_word' id='word_1_243' title='bbox 844 1057 921 1106; x_wconf 89' lang='lat' dir='ltr'><strong>sq.)</strong></span> <span class='ocrx_word' id='word_1_244' title='bbox 950 1063 1149 1105; x_wconf 88' lang='lat' dir='ltr'><strong>comparat</strong></span> <span class='ocrx_word' id='word_1_245' title='bbox 1175 1063 1215 1092; x_wconf 91' lang='lat' dir='ltr'><strong>et</strong></span> <span class='ocrx_word' id='word_1_246' title='bbox 1240 1064 1354 1093; x_wconf 86' lang='lat' dir='ltr'><strong>vocat</strong></span> <span class='ocrx_word' id='word_1_247' title='bbox 1380 1049 1720 1106; x_wconf 75' lang='grc' dir='ltr'><strong><em>αὖτοκαβδοιλούς</em></strong></span> <span class='ocrx_word' id='word_1_248' title='bbox 1747 1054 1972 1092; x_wconf 85' lang='lat' dir='ltr'><strong>Athenaeus</strong></span> <span class='ocrx_word' id='word_1_249' title='bbox 1996 1055 2021 1091; x_wconf 85' lang='lat' dir='ltr'><strong>l.</strong></span> <span class='ocrx_word' id='word_1_250' title='bbox 2047 1067 2082 1092; x_wconf 91' lang='lat' dir='ltr'><strong>c.</strong></span> <span class='ocrx_word' id='word_1_251' title='bbox 2100 1055 2127 1092; x_wconf 87' lang='lat' dir='ltr'><strong>f.</strong></span> <span class='ocrx_word' id='word_1_252' title='bbox 2154 1055 2264 1103; x_wconf 89' lang='lat' dir='ltr'><strong>Gry-</strong></span> 
     </span>
     <span class='ocr_line' id='line_1_22' title="bbox 193 1104 2265 1154; baseline -0.003 -8"><span class='ocrx_word' id='word_1_253' title='bbox 193 1124 257 1146; x_wconf 86' lang='lat' dir='ltr'><strong>sar</strong></span> <span class='ocrx_word' id='word_1_254' title='bbox 284 1111 333 1145; x_wconf 89' lang='lat' dir='ltr'><strong>de</strong></span> <span class='ocrx_word' id='word_1_255' title='bbox 359 1111 456 1145; x_wconf 75' lang='lat' dir='ltr'><strong>Dor.</strong></span> <span class='ocrx_word' id='word_1_256' title='bbox 480 1106 656 1142; x_wconf 84' lang='lat' dir='ltr'><strong>comoed.</strong></span> <span class='ocrx_word' id='word_1_257' title='bbox 682 1106 783 1154; x_wconf 81' lang='lat' dir='ltr'><strong>p.29</strong></span> <span class='ocrx_word' id='word_1_258' title='bbox 795 1117 873 1154; x_wconf 87' lang='lat' dir='ltr'><strong>sq.;</strong></span> <span class='ocrx_word' id='word_1_259' title='bbox 900 1106 939 1140; x_wconf 86' lang='lat' dir='ltr'><strong>in</strong></span> <span class='ocrx_word' id='word_1_260' title='bbox 966 1117 1010 1141; x_wconf 92' lang='lat' dir='ltr'><strong>ea</strong></span> <span class='ocrx_word' id='word_1_261' title='bbox 1037 1117 1082 1140; x_wconf 90' lang='lat' dir='ltr'><strong>re</strong></span> <span class='ocrx_word' id='word_1_262' title='bbox 1108 1105 1230 1153; x_wconf 78' lang='lat' dir='ltr'><strong>igitur</strong></span> <span class='ocrx_word' id='word_1_263' title='bbox 1256 1104 1444 1140; x_wconf 74' lang='lat' dir='ltr'><strong>differunt</strong></span> <span class='ocrx_word' id='word_1_264' title='bbox 1469 1106 1517 1141; x_wconf 91' lang='lat' dir='ltr'><strong>ab</strong></span> <span class='ocrx_word' id='word_1_265' title='bbox 1544 1104 1887 1153; x_wconf 84' lang='lat' dir='ltr'><strong>hilarotragoedia,</strong></span> <span class='ocrx_word' id='word_1_266' title='bbox 1914 1116 2039 1153; x_wconf 88' lang='lat' dir='ltr'><strong>neque</strong></span> <span class='ocrx_word' id='word_1_267' title='bbox 2065 1105 2163 1140; x_wconf 89' lang='lat' dir='ltr'><strong>haec</strong></span> <span class='ocrx_word' id='word_1_268' title='bbox 2190 1105 2265 1140; x_wconf 89' lang='lat' dir='ltr'><strong>mi-</strong></span> 
     </span>
     <span class='ocr_line' id='line_1_23' title="bbox 194 1153 2267 1211; baseline -0.002 -17"><span class='ocrx_word' id='word_1_269' title='bbox 194 1158 266 1194; x_wconf 88' lang='lat' dir='ltr'><strong>mis</strong></span> <span class='ocrx_word' id='word_1_270' title='bbox 302 1154 559 1205; x_wconf 83' lang='lat' dir='ltr'><strong>comparanda</strong></span> <span class='ocrx_word' id='word_1_271' title='bbox 598 1161 684 1201; x_wconf 89' lang='lat' dir='ltr'><strong>est,</strong></span> <span class='ocrx_word' id='word_1_272' title='bbox 719 1153 851 1204; x_wconf 86' lang='lat' dir='ltr'><strong>quales</strong></span> <span class='ocrx_word' id='word_1_273' title='bbox 878 1154 1073 1204; x_wconf 83' lang='lat' dir='ltr'><strong>scripsere</strong></span> <span class='ocrx_word' id='word_1_274' title='bbox 1100 1154 1282 1203; x_wconf 86' lang='lat' dir='ltr'><strong>Sophron</strong></span> <span class='ocrx_word' id='word_1_275' title='bbox 1310 1160 1349 1189; x_wconf 89' lang='lat' dir='ltr'><strong>et</strong></span> <span class='ocrx_word' id='word_1_276' title='bbox 1376 1155 1643 1191; x_wconf 87' lang='lat' dir='ltr'><strong>Romanorum</strong></span> <span class='ocrx_word' id='word_1_277' title='bbox 1668 1153 1822 1203; x_wconf 88' lang='lat' dir='ltr'><strong>plures,</strong></span> <span class='ocrx_word' id='word_1_278' title='bbox 1849 1165 1936 1189; x_wconf 91' lang='lat' dir='ltr'><strong>nam</strong></span> <span class='ocrx_word' id='word_1_279' title='bbox 1963 1153 2267 1211; x_wconf 63' lang='lat' dir='ltr'><strong>apud1Laureu-</strong></span> 
     </span>
     <span class='ocr_line' id='line_1_24' title="bbox 195 1197 2264 1255; baseline -0.002 -11"><span class='ocrx_word' id='word_1_280' title='bbox 195 1208 293 1244; x_wconf 90' lang='lat' dir='ltr'><strong>tium</strong></span> <span class='ocrx_word' id='word_1_281' title='bbox 319 1206 470 1255; x_wconf 87' lang='lat' dir='ltr'><strong>Lydum</strong></span> <span class='ocrx_word' id='word_1_282' title='bbox 497 1204 546 1240; x_wconf 90' lang='lat' dir='ltr'><strong>de</strong></span> <span class='ocrx_word' id='word_1_283' title='bbox 574 1204 745 1253; x_wconf 85' lang='lat' dir='ltr'><strong>magistr.</strong></span> <span class='ocrx_word' id='word_1_284' title='bbox 771 1205 798 1242; x_wconf 92' lang='lat' dir='ltr'><strong>I.</strong></span> <span class='ocrx_word' id='word_1_285' title='bbox 826 1203 859 1252; x_wconf 83' lang='lat'><strong>§.</strong></span> <span class='ocrx_word' id='word_1_286' title='bbox 884 1205 947 1242; x_wconf 75' lang='lat'><strong>4⁰.</strong></span> <span class='ocrx_word' id='word_1_287' title='bbox 973 1207 1078 1239; x_wconf 89' lang='lat' dir='ltr'><strong>inter</strong></span> <span class='ocrx_word' id='word_1_288' title='bbox 1114 1210 1267 1252; x_wconf 87' lang='lat' dir='ltr'><strong>septem</strong></span> <span class='ocrx_word' id='word_1_289' title='bbox 1303 1203 1533 1240; x_wconf 83' lang='lat' dir='ltr'><strong>comoed-iae</strong></span> <span class='ocrx_word' id='word_1_290' title='bbox 1565 1216 1710 1253; x_wconf 89' lang='lat' dir='ltr'><strong>genera</strong></span> <span class='ocrx_word' id='word_1_291' title='bbox 1736 1197 1995 1253; x_wconf 62' lang='lat' dir='ltr'><strong>‘Pwfflovtuq</strong></span> <span class='ocrx_word' id='word_1_292' title='bbox 2029 1202 2161 1239; x_wconf 82' lang='lat' dir='ltr'><strong>fabula</strong></span> <span class='ocrx_word' id='word_1_293' title='bbox 2203 1216 2264 1240; x_wconf 77' lang='lat' dir='ltr'><strong>se-</strong></span> 
     </span>
     <span class='ocr_line' id='line_1_25' title="bbox 195 1252 2264 1307; baseline -0.001 -14"><span class='ocrx_word' id='word_1_294' title='bbox 195 1258 369 1307; x_wconf 62' lang='lat' dir='ltr'><strong>jungitur</strong></span> <span class='ocrx_word' id='word_1_295' title='bbox 394 1268 414 1291; x_wconf 88' lang='lat' dir='ltr'><strong>a</strong></span> <span class='ocrx_word' id='word_1_296' title='bbox 438 1255 617 1305; x_wconf 59' lang='lat' dir='ltr'><strong>stupenti,</strong></span> <span class='ocrx_word' id='word_1_297' title='bbox 642 1255 736 1290; x_wconf 90' lang='lat' dir='ltr'><strong>item</strong></span> <span class='ocrx_word' id='word_1_298' title='bbox 763 1252 810 1289; x_wconf 94' lang='lat' dir='ltr'><strong>ab</strong></span> <span class='ocrx_word' id='word_1_299' title='bbox 837 1254 1026 1290; x_wconf 86' lang='lat' dir='ltr'><strong>Atellana.</strong></span> <span class='ocrx_word' id='word_1_300' title='bbox 1076 1254 1260 1289; x_wconf 78' lang='lat' dir='ltr'><strong>Reuvens</strong></span> <span class='ocrx_word' id='word_1_301' title='bbox 1287 1253 1492 1293; x_wconf 75' lang='lat' dir='ltr'><strong>collectan.</strong></span> <span class='ocrx_word' id='word_1_302' title='bbox 1518 1266 1558 1303; x_wconf 82' lang='lat' dir='ltr'><strong>p.</strong></span> <span class='ocrx_word' id='word_1_303' title='bbox 1584 1254 1635 1289; x_wconf 80' lang='lat'><strong>35</strong></span> <span class='ocrx_word' id='word_1_304' title='bbox 1659 1266 1718 1303; x_wconf 80' lang='lat' dir='ltr'><strong>sq.</strong></span> <span class='ocrx_word' id='word_1_305' title='bbox 1760 1254 1848 1290; x_wconf 90' lang='lat' dir='ltr'><strong>Non</strong></span> <span class='ocrx_word' id='word_1_306' title='bbox 1871 1261 2000 1290; x_wconf 62' lang='lat' dir='ltr'><strong>&gt;tamen</strong></span> <span class='ocrx_word' id='word_1_307' title='bbox 2023 1254 2264 1303; x_wconf 79' lang='lat' dir='ltr'><strong>negaverim,</strong></span> 
     </span>
     <span class='ocr_line' id='line_1_26' title="bbox 195 1296 2265 1356; baseline -0.001 -13"><span class='ocrx_word' id='word_1_308' title='bbox 195 1306 315 1343; x_wconf 79' lang='lat' dir='ltr'><strong>fuisse</strong></span> <span class='ocrx_word' id='word_1_309' title='bbox 343 1305 535 1356; x_wconf 85' lang='lat' dir='ltr'><strong>quoddam</strong></span> <span class='ocrx_word' id='word_1_310' title='bbox 562 1296 601 1341; x_wconf 66' lang='lat' dir='ltr'><strong>i&#39;n</strong></span> <span class='ocrx_word' id='word_1_311' title='bbox 628 1302 699 1339; x_wconf 88' lang='lat' dir='ltr'><strong>hac</strong></span> <span class='ocrx_word' id='word_1_312' title='bbox 726 1302 929 1338; x_wconf 84' lang='lat' dir='ltr'><strong>comoedia</strong></span> <span class='ocrx_word' id='word_1_313' title='bbox 956 1303 1192 1338; x_wconf 88' lang='lat' dir='ltr'><strong>elementum</strong></span> <span class='ocrx_word' id='word_1_314' title='bbox 1218 1301 1415 1338; x_wconf 80' lang='lat' dir='ltr'><strong>mimicum</strong></span> <span class='ocrx_word' id='word_1_315' title='bbox 1443 1303 1506 1350; x_wconf 78' lang='lat'><strong>³⁰),</strong></span> <span class='ocrx_word' id='word_1_316' title='bbox 1533 1303 1666 1339; x_wconf 88' lang='lat' dir='ltr'><strong>nescio</strong></span> <span class='ocrx_word' id='word_1_317' title='bbox 1694 1316 1740 1338; x_wconf 92' lang='lat' dir='ltr'><strong>an</strong></span> <span class='ocrx_word' id='word_1_318' title='bbox 1765 1303 1806 1338; x_wconf 82' lang='lat' dir='ltr'><strong>in</strong></span> <span class='ocrx_word' id='word_1_319' title='bbox 1834 1303 1918 1351; x_wconf 83' lang='lat' dir='ltr'><strong>ipsa</strong></span> <span class='ocrx_word' id='word_1_320' title='bbox 1944 1303 2169 1347; x_wconf 85' lang='lat' dir='ltr'><strong>saltatione,</strong></span> <span class='ocrx_word' id='word_1_321' title='bbox 2196 1316 2265 1340; x_wconf 89' lang='lat' dir='ltr'><strong>cu·</strong></span> 
     </span>
     <span class='ocr_line' id='line_1_27' title="bbox 196 1349 2262 1405; baseline -0.001 -14"><span class='ocrx_word' id='word_1_322' title='bbox 196 1355 258 1405; x_wconf 91' lang='lat' dir='ltr'><strong>jus</strong></span> <span class='ocrx_word' id='word_1_323' title='bbox 284 1353 521 1392; x_wconf 83' lang='lat' dir='ltr'><strong>ordinandae</strong></span> <span class='ocrx_word' id='word_1_324' title='bbox 548 1361 588 1390; x_wconf 90' lang='lat' dir='ltr'><strong>et</strong></span> <span class='ocrx_word' id='word_1_325' title='bbox 614 1351 873 1389; x_wconf 87' lang='lat' dir='ltr'><strong>instituendae</strong></span> <span class='ocrx_word' id='word_1_326' title='bbox 898 1352 1178 1401; x_wconf 86' lang='lat' dir='ltr'><strong>peritissimum</strong></span> <span class='ocrx_word' id='word_1_327' title='bbox 1203 1349 1325 1387; x_wconf 82' lang='lat' dir='ltr'><strong>fuisse</strong></span> <span class='ocrx_word' id='word_1_328' title='bbox 1352 1350 1617 1388; x_wconf 85' lang='lat' dir='ltr'><strong>Rhinthonem</strong></span> <span class='ocrx_word' id='word_1_329' title='bbox 1645 1351 1787 1389; x_wconf 85' lang='lat' dir='ltr'><strong>doceat</strong></span> <span class='ocrx_word' id='word_1_330' title='bbox 1813 1352 2002 1401; x_wconf 88' lang='lat' dir='ltr'><strong>Hesychii</strong></span> <span class='ocrx_word' id='word_1_331' title='bbox 2026 1352 2135 1389; x_wconf 91' lang='lat' dir='ltr'><strong>locus</strong></span> <span class='ocrx_word' id='word_1_332' title='bbox 2163 1363 2195 1392; x_wconf 88' lang='lat' dir='ltr'><strong>s.</strong></span> <span class='ocrx_word' id='word_1_333' title='bbox 2226 1366 2262 1392; x_wconf 77' lang='lat' dir='ltr'><strong>v.</strong></span> 
     </span>
     <span class='ocr_line' id='line_1_28' title="bbox 195 1400 2265 1457; baseline -0.002 -14"><span class='ocrx_word' id='word_1_334' title='bbox 195 1402 446 1457; x_wconf 74' lang='grc' dir='ltr'><em>βρυὸαλίγα,</em></span> <span class='ocrx_word' id='word_1_335' title='bbox 487 1403 660 1454; x_wconf 85' lang='lat' dir='ltr'><strong>quamvis</strong></span> <span class='ocrx_word' id='word_1_336' title='bbox 688 1400 895 1438; x_wconf 85' lang='lat' dir='ltr'><strong>admodum</strong></span> <span class='ocrx_word' id='word_1_337' title='bbox 919 1401 987 1437; x_wconf 89' lang='lat' dir='ltr'><strong>ille</strong></span> <span class='ocrx_word' id='word_1_338' title='bbox 1016 1408 1242 1450; x_wconf 80' lang='lat' dir='ltr'><strong>corruptus.</strong></span> <span class='ocrx_word' id='word_1_339' title='bbox 1269 1413 1306 1438; x_wconf 79' lang='lat' dir='ltr'><strong>v.</strong></span> <span class='ocrx_word' id='word_1_340' title='bbox 1333 1401 1459 1451; x_wconf 78' lang='lat' dir='ltr'><strong>intpp.</strong></span> <span class='ocrx_word' id='word_1_341' title='bbox 1489 1402 1552 1450; x_wconf 77' lang='lat'><strong>³¹).</strong></span> <span class='ocrx_word' id='word_1_342' title='bbox 1616 1401 1724 1438; x_wconf 80' lang='lat' dir='ltr'><strong>Abiit</strong></span> <span class='ocrx_word' id='word_1_343' title='bbox 1750 1401 1903 1438; x_wconf 89' lang='lat' dir='ltr'><strong>indoles</strong></span> <span class='ocrx_word' id='word_1_344' title='bbox 1930 1402 2078 1438; x_wconf 87' lang='lat' dir='ltr'><strong>mimica</strong></span> <span class='ocrx_word' id='word_1_345' title='bbox 2104 1413 2152 1438; x_wconf 88' lang='lat' dir='ltr'><strong>ex</strong></span> <span class='ocrx_word' id='word_1_346' title='bbox 2180 1403 2265 1452; x_wconf 86' lang='lat' dir='ltr'><strong>ipsa</strong></span> 
     </span>
    </p>

    <p class='ocr_par' dir='ltr' id='par_1_4' title="bbox 192 1444 2269 1952">
     <span class='ocr_line' id='line_1_29' title="bbox 222 1444 2265 1503; baseline -0.001 -11"><span class='ocrx_word' id='word_1_347' title='bbox 222 1456 320 1492; x_wconf 90' lang='lat' dir='ltr'><strong>atria</strong></span> <span class='ocrx_word' id='word_1_348' title='bbox 345 1444 394 1491; x_wconf 79' lang='lat' dir='ltr'><strong>ad</strong></span> <span class='ocrx_word' id='word_1_349' title='bbox 420 1453 580 1490; x_wconf 87' lang='lat' dir='ltr'><strong>colonos</strong></span> <span class='ocrx_word' id='word_1_350' title='bbox 607 1450 863 1497; x_wconf 65' lang='lat' dir='ltr'><strong>Tar-entium,</strong></span> <span class='ocrx_word' id='word_1_351' title='bbox 903 1450 1119 1501; x_wconf 83' lang='lat' dir='ltr'><strong>augebatur</strong></span> <span class='ocrx_word' id='word_1_352' title='bbox 1144 1449 1284 1487; x_wconf 86' lang='lat' dir='ltr'><strong>deinde</strong></span> <span class='ocrx_word' id='word_1_353' title='bbox 1312 1458 1352 1487; x_wconf 80' lang='lat' dir='ltr'><strong>et</strong></span> <span class='ocrx_word' id='word_1_354' title='bbox 1388 1450 1624 1487; x_wconf 84' lang='lat' dir='ltr'><strong>incitabatur</strong></span> <span class='ocrx_word' id='word_1_355' title='bbox 1651 1451 1830 1499; x_wconf 82' lang='lat' dir='ltr'><strong>Dionysii</strong></span> <span class='ocrx_word' id='word_1_356' title='bbox 1863 1452 2132 1498; x_wconf 89' lang='lat' dir='ltr'><strong>sollemnibus,</strong></span> <span class='ocrx_word' id='word_1_357' title='bbox 2177 1452 2265 1503; x_wconf 84' lang='lat' dir='ltr'><strong>qui-</strong></span> 
     </span>
     <span class='ocr_line' id='line_1_30' title="bbox 192 1469 2265 1553; baseline -0.004 -11"><span class='ocrx_word' id='word_1_358' title='bbox 192 1469 266 1542; x_wconf 64' lang='lat' dir='ltr'><strong>Eus</strong></span> <span class='ocrx_word' id='word_1_359' title='bbox 300 1516 430 1553; x_wconf 87' lang='lat' dir='ltr'><strong>neque</strong></span> <span class='ocrx_word' id='word_1_360' title='bbox 465 1500 794 1550; x_wconf 86' lang='lat' dir='ltr'><strong>hilarotragoedia</strong></span> <span class='ocrx_word' id='word_1_361' title='bbox 831 1500 1023 1550; x_wconf 84' lang='lat' dir='ltr'><strong>originem</strong></span> <span class='ocrx_word' id='word_1_362' title='bbox 1059 1512 1168 1536; x_wconf 85' lang='lat' dir='ltr'><strong>suam</strong></span> <span class='ocrx_word' id='word_1_363' title='bbox 1200 1513 1278 1535; x_wconf 84' lang='lat' dir='ltr'><strong>non</strong></span> <span class='ocrx_word' id='word_1_364' title='bbox 1314 1499 1450 1536; x_wconf 89' lang='lat' dir='ltr'><strong>debuit</strong></span> <span class='ocrx_word' id='word_1_365' title='bbox 1484 1501 1632 1537; x_wconf 78' lang='lat' dir='ltr'><strong>Miiller</strong></span> <span class='ocrx_word' id='word_1_366' title='bbox 1658 1501 1757 1540; x_wconf 77' lang='lat' dir='ltr'><strong>Dor.</strong></span> <span class='ocrx_word' id='word_1_367' title='bbox 1785 1514 1826 1550; x_wconf 65' lang='lat' dir='ltr'><strong>p,</strong></span> <span class='ocrx_word' id='word_1_368' title='bbox 1854 1502 1941 1539; x_wconf 68' lang='lat'><strong>3⁴18,</strong></span> <span class='ocrx_word' id='word_1_369' title='bbox 1965 1524 2013 1530; x_wconf 88' lang='lat'><strong>—</strong></span> <span class='ocrx_word' id='word_1_370' title='bbox 2038 1501 2155 1538; x_wconf 75' lang='lat' dir='ltr'><strong>Aliud</strong></span> <span class='ocrx_word' id='word_1_371' title='bbox 2189 1509 2265 1547; x_wconf 82' lang='lat' dir='ltr'><strong>est,</strong></span> 
     </span>
     <span class='ocr_line' id='line_1_31' title="bbox 193 1543 2264 1606; baseline 0 -15"><span class='ocrx_word' id='word_1_372' title='bbox 193 1553 300 1606; x_wconf 84' lang='lat' dir='ltr'><strong>quod</strong></span> <span class='ocrx_word' id='word_1_373' title='bbox 326 1552 462 1589; x_wconf 82' lang='lat' dir='ltr'><strong>suidas</strong></span> <span class='ocrx_word' id='word_1_374' title='bbox 489 1551 612 1588; x_wconf 86' lang='lat' dir='ltr'><strong>tradit</strong></span> <span class='ocrx_word' id='word_1_375' title='bbox 638 1564 667 1587; x_wconf 88' lang='lat' dir='ltr'><strong>s.</strong></span> <span class='ocrx_word' id='word_1_376' title='bbox 681 1563 719 1589; x_wconf 80' lang='lat' dir='ltr'><strong>v.</strong></span> <span class='ocrx_word' id='word_1_377' title='bbox 738 1543 950 1600; x_wconf 75' lang='grc' dir='ltr'><strong>Σωτάδηςε</strong></span> <span class='ocrx_word' id='word_1_378' title='bbox 976 1552 1131 1602; x_wconf 70' lang='grc' dir='ltr'><em>ἔγραψε</em></span> <span class='ocrx_word' id='word_1_379' title='bbox 1166 1544 1353 1599; x_wconf 72' lang='grc' dir='ltr'><em>φλύακας</em></span> <span class='ocrx_word' id='word_1_380' title='bbox 1386 1547 1482 1601; x_wconf 76' lang='grc' dir='ltr'><strong><em>ἦτοι</em></strong></span> <span class='ocrx_word' id='word_1_381' title='bbox 1519 1547 1804 1594; x_wconf 79' lang='grc' dir='ltr'><strong><em>κιναίδους</em></strong></span> <span class='ocrx_word' id='word_1_382' title='bbox 1832 1550 2019 1600; x_wconf 72' lang='lat' dir='ltr'><strong>(etSuid.</strong></span> <span class='ocrx_word' id='word_1_383' title='bbox 2047 1546 2264 1601; x_wconf 76' lang='grc' dir='ltr'><em>φλύακες),</em></span> 
     </span>
     <span class='ocr_line' id='line_1_32' title="bbox 192 1600 2261 1650; baseline -0 -9"><span class='ocrx_word' id='word_1_384' title='bbox 192 1604 349 1641; x_wconf 89' lang='lat' dir='ltr'><strong>minime</strong></span> <span class='ocrx_word' id='word_1_385' title='bbox 385 1602 480 1639; x_wconf 89' lang='lat' dir='ltr'><strong>mihi</strong></span> <span class='ocrx_word' id='word_1_386' title='bbox 503 1607 721 1650; x_wconf 20' lang='lat' dir='ltr'><strong>&#39;acceptum</strong></span> <span class='ocrx_word' id='word_1_387' title='bbox 755 1612 829 1637; x_wconf 88' lang='lat' dir='ltr'><strong>nec</strong></span> <span class='ocrx_word' id='word_1_388' title='bbox 864 1600 1094 1650; x_wconf 76' lang='lat' dir='ltr'><strong>probatum,</strong></span> <span class='ocrx_word' id='word_1_389' title='bbox 1133 1600 1381 1649; x_wconf 85' lang='lat' dir='ltr'><strong>cinaedologi</strong></span> <span class='ocrx_word' id='word_1_390' title='bbox 1416 1601 1521 1637; x_wconf 89' lang='lat' dir='ltr'><strong>enim</strong></span> <span class='ocrx_word' id='word_1_391' title='bbox 1556 1601 1826 1637; x_wconf 85' lang='lat' dir='ltr'><strong>conviciorum</strong></span> <span class='ocrx_word' id='word_1_392' title='bbox 1859 1601 1969 1650; x_wconf 90' lang='lat' dir='ltr'><strong>pleni</strong></span> <span class='ocrx_word' id='word_1_393' title='bbox 1993 1601 2131 1639; x_wconf 82' lang='lat' dir='ltr'><strong>Athen.</strong></span> <span class='ocrx_word' id='word_1_394' title='bbox 2158 1604 2261 1642; x_wconf 85' lang='lat' dir='ltr'><strong>XIV.</strong></span> 
     </span>
     <span class='ocr_line' id='line_1_33' title="bbox 192 1644 2265 1704; baseline -0 -15"><span class='ocrx_word' id='word_1_395' title='bbox 192 1654 346 1704; x_wconf 76' lang='lat' dir='ltr'><strong>p.·620.</strong></span> <span class='ocrx_word' id='word_1_396' title='bbox 374 1664 407 1688; x_wconf 90' lang='lat' dir='ltr'><strong>e.</strong></span> <span class='ocrx_word' id='word_1_397' title='bbox 435 1664 493 1701; x_wconf 85' lang='lat' dir='ltr'><strong>sq.</strong></span> <span class='ocrx_word' id='word_1_398' title='bbox 523 1649 669 1687; x_wconf 85' lang='lat' dir='ltr'><strong>diversi</strong></span> <span class='ocrx_word' id='word_1_399' title='bbox 712 1656 823 1685; x_wconf 89' lang='lat' dir='ltr'><strong>erant</strong></span> <span class='ocrx_word' id='word_1_400' title='bbox 858 1662 879 1685; x_wconf 93' lang='lat' dir='ltr'><strong>a</strong></span> <span class='ocrx_word' id='word_1_401' title='bbox 922 1644 1121 1699; x_wconf 75' lang='grc' dir='ltr'><em>φλυοῖκων</em></span> <span class='ocrx_word' id='word_1_402' title='bbox 1155 1662 1324 1698; x_wconf 81' lang='lat' dir='ltr'><strong>genere,</strong></span> <span class='ocrx_word' id='word_1_403' title='bbox 1368 1662 1414 1687; x_wconf 88' lang='lat' dir='ltr'><strong>ac</strong></span> <span class='ocrx_word' id='word_1_404' title='bbox 1450 1650 1569 1687; x_wconf 91' lang='lat' dir='ltr'><strong>modo</strong></span> <span class='ocrx_word' id='word_1_405' title='bbox 1606 1650 1739 1687; x_wconf 88' lang='lat' dir='ltr'><strong>latiori</strong></span> <span class='ocrx_word' id='word_1_406' title='bbox 1781 1650 1897 1700; x_wconf 88' lang='lat' dir='ltr'><strong>hujus</strong></span> <span class='ocrx_word' id='word_1_407' title='bbox 1923 1651 2030 1688; x_wconf 82' lang='lat' dir='ltr'><strong>vocis</strong></span> <span class='ocrx_word' id='word_1_408' title='bbox 2064 1651 2265 1701; x_wconf 77' lang='lat' dir='ltr'><strong>signitica-</strong></span> 
     </span>
     <span class='ocr_line' id='line_1_34' title="bbox 192 1698 2264 1752; baseline 0.002 -13"><span class='ocrx_word' id='word_1_409' title='bbox 192 1704 300 1740; x_wconf 88' lang='lat' dir='ltr'><strong>tione</strong></span> <span class='ocrx_word' id='word_1_410' title='bbox 336 1713 478 1738; x_wconf 86' lang='lat' dir='ltr'><strong>nomen</strong></span> <span class='ocrx_word' id='word_1_411' title='bbox 517 1699 718 1737; x_wconf 77' lang='lat' dir='ltr'><strong>vindicare</strong></span> <span class='ocrx_word' id='word_1_412' title='bbox 761 1698 835 1735; x_wconf 77' lang='lat' dir='ltr'><strong>sibi</strong></span> <span class='ocrx_word' id='word_1_413' title='bbox 869 1708 1072 1749; x_wconf 85' lang='lat' dir='ltr'><strong>poterant,</strong></span> <span class='ocrx_word' id='word_1_414' title='bbox 1115 1699 1304 1737; x_wconf 77' lang='lat' dir='ltr'><strong>videlicet</strong></span> <span class='ocrx_word' id='word_1_415' title='bbox 1339 1700 1429 1749; x_wconf 87' lang='lat' dir='ltr'><strong>quia</strong></span> <span class='ocrx_word' id='word_1_416' title='bbox 1462 1707 1672 1751; x_wconf 85' lang='lat' dir='ltr'><strong>nugatores</strong></span> <span class='ocrx_word' id='word_1_417' title='bbox 1715 1700 1845 1737; x_wconf 82' lang='lat' dir='ltr'><strong>solent</strong></span> <span class='ocrx_word' id='word_1_418' title='bbox 1880 1699 2178 1752; x_wconf 75' lang='grc' dir='ltr'><strong>κιναιδολογεῑν</strong></span> <span class='ocrx_word' id='word_1_419' title='bbox 2206 1702 2264 1743; x_wconf 83' lang='lat' dir='ltr'><strong>cf.</strong></span> 
     </span>
     <span class='ocr_line' id='line_1_35' title="bbox 194 1749 2263 1801; baseline 0 -13"><span class='ocrx_word' id='word_1_420' title='bbox 194 1752 351 1789; x_wconf 90' lang='lat' dir='ltr'><strong>Salmas.</strong></span> <span class='ocrx_word' id='word_1_421' title='bbox 384 1750 431 1787; x_wconf 86' lang='lat' dir='ltr'><strong>ad</strong></span> <span class='ocrx_word' id='word_1_422' title='bbox 469 1749 586 1787; x_wconf 82' lang='lat' dir='ltr'><strong>Solin.</strong></span> <span class='ocrx_word' id='word_1_423' title='bbox 625 1760 712 1798; x_wconf 82' lang='lat' dir='ltr'><strong>pag.</strong></span> <span class='ocrx_word' id='word_1_424' title='bbox 744 1749 806 1787; x_wconf 76' lang='lat'><strong>76.</strong></span> <span class='ocrx_word' id='word_1_425' title='bbox 835 1749 905 1797; x_wconf 80' lang='lat'><strong>3²),</strong></span> <span class='ocrx_word' id='word_1_426' title='bbox 956 1762 1030 1787; x_wconf 87' lang='lat' dir='ltr'><strong>nec</strong></span> <span class='ocrx_word' id='word_1_427' title='bbox 1069 1755 1300 1786; x_wconf 80' lang='lat' dir='ltr'><strong>recensetur</strong></span> <span class='ocrx_word' id='word_1_428' title='bbox 1338 1749 1502 1787; x_wconf 84' lang='lat' dir='ltr'><strong>Sotades</strong></span> <span class='ocrx_word' id='word_1_429' title='bbox 1543 1761 1633 1787; x_wconf 93' lang='lat' dir='ltr'><strong>cum</strong></span> <span class='ocrx_word' id='word_1_430' title='bbox 1666 1749 1894 1788; x_wconf 85' lang='lat' dir='ltr'><strong>Rhinthone</strong></span> <span class='ocrx_word' id='word_1_431' title='bbox 1938 1751 2040 1801; x_wconf 89' lang='lat' dir='ltr'><strong>apud</strong></span> <span class='ocrx_word' id='word_1_432' title='bbox 2073 1753 2263 1792; x_wconf 85' lang='lat' dir='ltr'><strong>Laurent.</strong></span> 
     </span>
     <span class='ocr_line' id='line_1_36' title="bbox 194 1793 2263 1850; baseline 0.001 -11"><span class='ocrx_word' id='word_1_433' title='bbox 194 1801 289 1850; x_wconf 87' lang='lat' dir='ltr'><strong>Lyd.</strong></span> <span class='ocrx_word' id='word_1_434' title='bbox 319 1801 353 1850; x_wconf 83' lang='lat'><strong>§.</strong></span> <span class='ocrx_word' id='word_1_435' title='bbox 378 1801 454 1846; x_wconf 68' lang='lat'><strong>41„</strong></span> <span class='ocrx_word' id='word_1_436' title='bbox 492 1812 608 1849; x_wconf 84' lang='lat' dir='ltr'><strong>quem</strong></span> <span class='ocrx_word' id='word_1_437' title='bbox 634 1799 765 1834; x_wconf 88' lang='lat' dir='ltr'><strong>locum</strong></span> <span class='ocrx_word' id='word_1_438' title='bbox 791 1798 848 1835; x_wconf 89' lang='lat' dir='ltr'><strong>sic</strong></span> <span class='ocrx_word' id='word_1_439' title='bbox 875 1798 1157 1836; x_wconf 89' lang='lat' dir='ltr'><strong>emendandum</strong></span> <span class='ocrx_word' id='word_1_440' title='bbox 1182 1805 1305 1848; x_wconf 72' lang='lat' dir='ltr'><strong>putot</strong></span> <span class='ocrx_word' id='word_1_441' title='bbox 1344 1793 1563 1839; x_wconf 76' lang='grc' dir='ltr'><em>Ῥίνθωνα</em></span> <span class='ocrx_word' id='word_1_442' title='bbox 1598 1798 1666 1837; x_wconf 80' lang='grc' dir='ltr'><strong>καὶ</strong></span> <span class='ocrx_word' id='word_1_443' title='bbox 1696 1798 1855 1849; x_wconf 77' lang='grc' dir='ltr'><em>Σκίραν</em></span> <span class='ocrx_word' id='word_1_444' title='bbox 1891 1801 1959 1840; x_wconf 77' lang='grc' dir='ltr'><strong>καὶ</strong></span> <span class='ocrx_word' id='word_1_445' title='bbox 1985 1801 2166 1841; x_wconf 84' lang='grc' dir='ltr'><strong><em>Βλαῖσον</em></strong></span> <span class='ocrx_word' id='word_1_446' title='bbox 2193 1802 2263 1841; x_wconf 74' lang='grc' dir='ltr'><strong>καὶ</strong></span> 
     </span>
     <span class='ocr_line' id='line_1_37' title="bbox 195 1843 2269 1903; baseline 0.001 -14"><span class='ocrx_word' id='word_1_447' title='bbox 195 1845 293 1893; x_wconf 74' lang='grc' dir='ltr'><strong>τούς</strong></span> <span class='ocrx_word' id='word_1_448' title='bbox 328 1846 480 1891; x_wconf 73' lang='grc' dir='ltr'><strong><em>ἄλλους</em></strong></span> <span class='ocrx_word' id='word_1_449' title='bbox 517 1848 600 1886; x_wconf 66' lang='grc' dir='ltr'><strong>«τῶν</strong></span> <span class='ocrx_word' id='word_1_450' title='bbox 633 1843 965 1899; x_wconf 71' lang='grc' dir='ltr'><strong>φλυακογράφων</strong></span> <span class='ocrx_word' id='word_1_451' title='bbox 1003 1850 1129 1898; x_wconf 79' lang='grc' dir='ltr'><em>ἴσμεν</em></span> <span class='ocrx_word' id='word_1_452' title='bbox 1164 1843 1213 1886; x_wconf 78' lang='grc' dir='ltr'><strong>οὐ</strong></span> <span class='ocrx_word' id='word_1_453' title='bbox 1237 1850 1398 1899; x_wconf 76' lang='grc' dir='ltr'><em>μικρῶν</em></span> <span class='ocrx_word' id='word_1_454' title='bbox 1434 1843 1706 1901; x_wconf 74' lang='grc' dir='ltr'><em>διδαγμάτων</em></span> <span class='ocrx_word' id='word_1_455' title='bbox 1742 1850 1808 1889; x_wconf 78' lang='grc' dir='ltr'><strong>ἐπὶ</strong></span> <span class='ocrx_word' id='word_1_456' title='bbox 1840 1852 1915 1901; x_wconf 80' lang='grc' dir='ltr'><strong>τῆς</strong></span> <span class='ocrx_word' id='word_1_457' title='bbox 1948 1846 2133 1903; x_wconf 69' lang='grc' dir='ltr'><strong>μεγάλης</strong></span> <span class='ocrx_word' id='word_1_458' title='bbox 2165 1847 2269 1891; x_wconf 74' lang='grc' dir='ltr'><strong>Ἑλ·</strong></span> 
     </span>
     <span class='ocr_line' id='line_1_38' title="bbox 195 1892 2264 1952; baseline -0 -13"><span class='ocrx_word' id='word_1_459' title='bbox 195 1895 319 1943; x_wconf 74' lang='grc' dir='ltr'><strong><em>λάδος</em></strong></span> <span class='ocrx_word' id='word_1_460' title='bbox 360 1897 553 1951; x_wconf 73' lang='grc' dir='ltr'><strong>γενέσθαι</strong></span> <span class='ocrx_word' id='word_1_461' title='bbox 603 1893 849 1951; x_wconf 67' lang='grc' dir='ltr'><strong><em>καθηγητᾰς</em></strong></span> <span class='ocrx_word' id='word_1_462' title='bbox 901 1897 969 1938; x_wconf 75' lang='grc' dir='ltr'><strong>καὶ</strong></span> <span class='ocrx_word' id='word_1_463' title='bbox 1017 1892 1297 1950; x_wconf 74' lang='grc' dir='ltr'><em>διαφερόντως</em></span> <span class='ocrx_word' id='word_1_464' title='bbox 1340 1894 1415 1939; x_wconf 74' lang='grc' dir='ltr'><strong>τόν</strong></span> <span class='ocrx_word' id='word_1_465' title='bbox 1446 1895 1658 1942; x_wconf 76' lang='grc' dir='ltr'><strong>,Ῥίνθωνα</strong></span> <span class='ocrx_word' id='word_1_466' title='bbox 1694 1900 1755 1948; x_wconf 80' lang='lat'><strong>³³).</strong></span> <span class='ocrx_word' id='word_1_467' title='bbox 1818 1901 1903 1938; x_wconf 83' lang='lat' dir='ltr'><strong>Jam</strong></span> <span class='ocrx_word' id='word_1_468' title='bbox 1948 1915 2065 1952; x_wconf 87' lang='lat' dir='ltr'><strong>quum</strong></span> <span class='ocrx_word' id='word_1_469' title='bbox 2107 1903 2264 1952; x_wconf 83' lang='lat' dir='ltr'><strong>exposi-</strong></span> 
     </span>
    </p>
   </div>
   <div class='ocr_carea' id='block_1_4' title="bbox 188 2037 2265 2936">
    <p class='ocr_par' dir='ltr' id='par_1_5' title="bbox 196 2037 2261 2085">
     <span class='ocr_line' id='line_1_39' title="bbox 196 2037 2261 2085; baseline 0.001 -15"><span class='ocrx_word' id='word_1_470' title='bbox 196 2040 236 2079; x_wconf 75' lang='grc' dir='ltr'><strong>2Ἰ)</strong></span> <span class='ocrx_word' id='word_1_471' title='bbox 257 2038 379 2070; x_wconf 81' lang='lat' dir='ltr'><strong>Itidem</strong></span> <span class='ocrx_word' id='word_1_472' title='bbox 400 2037 710 2082; x_wconf 76' lang='lat' dir='ltr'><strong>phlyacographiae</strong></span> <span class='ocrx_word' id='word_1_473' title='bbox 731 2048 956 2082; x_wconf 71' lang='lat' dir='ltr'><strong>synonymum</strong></span> <span class='ocrx_word' id='word_1_474' title='bbox 978 2045 1031 2071; x_wconf 83' lang='lat' dir='ltr'><strong>est</strong></span> <span class='ocrx_word' id='word_1_475' title='bbox 1051 2037 1217 2081; x_wconf 68' lang='grc' dir='ltr'><strong>παραδιά.</strong></span> <span class='ocrx_word' id='word_1_476' title='bbox 1240 2037 1434 2071; x_wconf 83' lang='lat' dir='ltr'><strong>Eichstaedt</strong></span> <span class='ocrx_word' id='word_1_477' title='bbox 1456 2039 1504 2072; x_wconf 65' lang='lat' dir='ltr'><strong>de&#39;</strong></span> <span class='ocrx_word' id='word_1_478' title='bbox 1522 2038 1674 2071; x_wconf 81' lang='lat' dir='ltr'><strong>dramate</strong></span> <span class='ocrx_word' id='word_1_479' title='bbox 1700 2037 2001 2083; x_wconf 81' lang='lat' dir='ltr'><strong>comico-satyrico.</strong></span> <span class='ocrx_word' id='word_1_480' title='bbox 2020 2050 2097 2085; x_wconf 72' lang='lat' dir='ltr'><strong>pag.</strong></span> <span class='ocrx_word' id='word_1_481' title='bbox 2121 2042 2173 2075; x_wconf 80' lang='lat'><strong>51.</strong></span> <span class='ocrx_word' id='word_1_482' title='bbox 2202 2041 2261 2073; x_wconf 79' lang='lat' dir='ltr'><strong>So-</strong></span> 
     </span>
    </p>

    <p class='ocr_par' dir='ltr' id='par_1_6' title="bbox 188 2080 2264 2857">
     <span class='ocr_line' id='line_1_40' title="bbox 220 2080 2261 2128; baseline -0 -15"><span class='ocrx_word' id='word_1_483' title='bbox 220 2086 304 2119; x_wconf 86' lang='lat' dir='ltr'><strong>ater,</strong></span> <span class='ocrx_word' id='word_1_484' title='bbox 326 2080 620 2125; x_wconf 82' lang='lat' dir='ltr'><strong>phlyacographus</strong></span> <span class='ocrx_word' id='word_1_485' title='bbox 644 2080 751 2113; x_wconf 74' lang='lat' dir='ltr'><strong>&lt;lictus</strong></span> <span class='ocrx_word' id='word_1_486' title='bbox 771 2080 816 2114; x_wconf 86' lang='lat' dir='ltr'><strong>ab</strong></span> <span class='ocrx_word' id='word_1_487' title='bbox 838 2081 1027 2122; x_wconf 78' lang='lat' dir='ltr'><strong>Athenaeo,</strong></span> <span class='ocrx_word' id='word_1_488' title='bbox 1048 2080 1209 2123; x_wconf 56' lang='grc' dir='ltr'><strong>παρῳδός</strong></span> <span class='ocrx_word' id='word_1_489' title='bbox 1230 2087 1374 2113; x_wconf 75' lang='lat' dir='ltr'><strong>vocatur</strong></span> <span class='ocrx_word' id='word_1_490' title='bbox 1396 2081 1439 2113; x_wconf 89' lang='lat' dir='ltr'><strong>ab</strong></span> <span class='ocrx_word' id='word_1_491' title='bbox 1463 2081 1596 2115; x_wconf 77' lang='lat' dir='ltr'><strong>eodem.</strong></span> <span class='ocrx_word' id='word_1_492' title='bbox 1623 2081 1747 2115; x_wconf 79' lang='lat' dir='ltr'><strong>Athen.</strong></span> <span class='ocrx_word' id='word_1_493' title='bbox 1769 2081 1834 2116; x_wconf 88' lang='grc' dir='ltr'><strong>ΙΙΙ.</strong></span> <span class='ocrx_word' id='word_1_494' title='bbox 1857 2093 1893 2125; x_wconf 79' lang='grc' dir='ltr'><strong>Ρ.</strong></span> <span class='ocrx_word' id='word_1_495' title='bbox 1913 2083 1966 2117; x_wconf 77' lang='grc'><strong>86,</strong></span> <span class='ocrx_word' id='word_1_496' title='bbox 1989 2094 2021 2118; x_wconf 68' lang='grc' dir='ltr'><strong>ε,</strong></span> <span class='ocrx_word' id='word_1_497' title='bbox 2043 2084 2108 2118; x_wconf 65' lang='lat' dir='ltr'><strong>IV,</strong></span> <span class='ocrx_word' id='word_1_498' title='bbox 2128 2095 2165 2128; x_wconf 79' lang='lat' dir='ltr'><strong>p.</strong></span> <span class='ocrx_word' id='word_1_499' title='bbox 2189 2085 2261 2118; x_wconf 80' lang='lat'><strong>158,</strong></span> 
     </span>
     <span class='ocr_line' id='line_1_41' title="bbox 195 2092 2263 2170; baseline 0.002 -14"><span class='ocrx_word' id='word_1_500' title='bbox 195 2092 229 2158; x_wconf 55' lang='lat'><strong>8.</strong></span> <span class='ocrx_word' id='word_1_501' title='bbox 255 2125 327 2160; x_wconf 77' lang='lat'><strong>175.</strong></span> <span class='ocrx_word' id='word_1_502' title='bbox 349 2134 380 2158; x_wconf 81' lang='lat' dir='ltr'><strong>c.</strong></span> <span class='ocrx_word' id='word_1_503' title='bbox 423 2123 551 2168; x_wconf 75' lang='lat' dir='ltr'><strong>Grysar</strong></span> <span class='ocrx_word' id='word_1_504' title='bbox 578 2122 620 2156; x_wconf 90' lang='lat' dir='ltr'><strong>de</strong></span> <span class='ocrx_word' id='word_1_505' title='bbox 643 2123 804 2158; x_wconf 78' lang='lat' dir='ltr'><strong>Doriens.</strong></span> <span class='ocrx_word' id='word_1_506' title='bbox 825 2124 980 2158; x_wconf 80' lang='lat' dir='ltr'><strong>comoed.</strong></span> <span class='ocrx_word' id='word_1_507' title='bbox 1001 2136 1038 2169; x_wconf 83' lang='lat' dir='ltr'><strong>p.</strong></span> <span class='ocrx_word' id='word_1_508' title='bbox 1060 2127 1113 2160; x_wconf 83' lang='lat'><strong>56.</strong></span> <span class='ocrx_word' id='word_1_509' title='bbox 1183 2125 1224 2165; x_wconf 72' lang='lat'><strong>²⁸)</strong></span> <span class='ocrx_word' id='word_1_510' title='bbox 1245 2124 1327 2156; x_wconf 91' lang='lat' dir='ltr'><strong>Duo</strong></span> <span class='ocrx_word' id='word_1_511' title='bbox 1355 2123 1532 2170; x_wconf 77' lang='lat' dir='ltr'><strong>distinguit</strong></span> <span class='ocrx_word' id='word_1_512' title='bbox 1553 2122 1713 2166; x_wconf 69' lang='grc' dir='ltr'><strong>φλιόἱκων</strong></span> <span class='ocrx_word' id='word_1_513' title='bbox 1734 2134 1862 2168; x_wconf 82' lang='lat' dir='ltr'><strong>genera</strong></span> <span class='ocrx_word' id='word_1_514' title='bbox 1886 2123 2015 2169; x_wconf 65' lang='lat' dir='ltr'><strong>Grysar</strong></span> <span class='ocrx_word' id='word_1_515' title='bbox 2035 2126 2080 2159; x_wconf 86' lang='lat' dir='ltr'><strong>de</strong></span> <span class='ocrx_word' id='word_1_516' title='bbox 2101 2127 2185 2160; x_wconf 80' lang='lat' dir='ltr'><strong>Dor.</strong></span> <span class='ocrx_word' id='word_1_517' title='bbox 2207 2138 2263 2160; x_wconf 81' lang='lat' dir='ltr'><strong>oo—</strong></span> 
     </span>
     <span class='ocr_line' id='line_1_42' title="bbox 194 2166 2262 2216; baseline 0.002 -18"><span class='ocrx_word' id='word_1_518' title='bbox 194 2166 308 2201; x_wconf 81' lang='lat' dir='ltr'><strong>moed.</strong></span> <span class='ocrx_word' id='word_1_519' title='bbox 326 2177 364 2216; x_wconf 74' lang='lat' dir='ltr'><strong>p.</strong></span> <span class='ocrx_word' id='word_1_520' title='bbox 387 2169 453 2206; x_wconf 65' lang='lat'><strong>53„</strong></span> <span class='ocrx_word' id='word_1_521' title='bbox 482 2176 571 2209; x_wconf 82' lang='lat' dir='ltr'><strong>quae</strong></span> <span class='ocrx_word' id='word_1_522' title='bbox 597 2172 654 2198; x_wconf 88' lang='lat' dir='ltr'><strong>aut</strong></span> <span class='ocrx_word' id='word_1_523' title='bbox 676 2166 809 2199; x_wconf 87' lang='lat' dir='ltr'><strong>fabulas</strong></span> <span class='ocrx_word' id='word_1_524' title='bbox 832 2177 851 2199; x_wconf 88' lang='lat' dir='ltr'><strong>e</strong></span> <span class='ocrx_word' id='word_1_525' title='bbox 874 2168 1082 2211; x_wconf 66' lang='lat' dir='ltr'><strong>mythologia</strong></span> <span class='ocrx_word' id='word_1_526' title='bbox 1104 2174 1162 2200; x_wconf 90' lang='lat' dir='ltr'><strong>aut</strong></span> <span class='ocrx_word' id='word_1_527' title='bbox 1183 2178 1238 2199; x_wconf 88' lang='lat' dir='ltr'><strong>res</strong></span> <span class='ocrx_word' id='word_1_528' title='bbox 1271 2177 1311 2198; x_wconf 81' lang='lat' dir='ltr'><strong>ex</strong></span> <span class='ocrx_word' id='word_1_529' title='bbox 1334 2166 1508 2199; x_wconf 90' lang='lat' dir='ltr'><strong>bominum</strong></span> <span class='ocrx_word' id='word_1_530' title='bbox 1531 2169 1598 2199; x_wconf 76' lang='lat' dir='ltr'><strong>vita</strong></span> <span class='ocrx_word' id='word_1_531' title='bbox 1621 2168 1747 2210; x_wconf 80' lang='lat' dir='ltr'><strong>petitas</strong></span> <span class='ocrx_word' id='word_1_532' title='bbox 1768 2167 1811 2199; x_wconf 86' lang='lat' dir='ltr'><strong>ad</strong></span> <span class='ocrx_word' id='word_1_533' title='bbox 1834 2167 1938 2199; x_wconf 79' lang='lat' dir='ltr'><strong>risum</strong></span> <span class='ocrx_word' id='word_1_534' title='bbox 1962 2170 2161 2212; x_wconf 82' lang='lat' dir='ltr'><strong>captandum</strong></span> <span class='ocrx_word' id='word_1_535' title='bbox 2209 2181 2262 2203; x_wconf 84' lang='lat' dir='ltr'><strong>ro-</strong></span> 
     </span>
     <span class='ocr_line' id='line_1_43' title="bbox 188 2208 2260 2254; baseline 0.001 -14"><span class='ocrx_word' id='word_1_536' title='bbox 188 2215 191 2217; x_wconf 64' lang='grc'><strong>“</strong></span> <span class='ocrx_word' id='word_1_537' title='bbox 218 2215 385 2242; x_wconf 81' lang='lat' dir='ltr'><strong>osuermt.</strong></span> <span class='ocrx_word' id='word_1_538' title='bbox 426 2209 481 2240; x_wconf 83' lang='lat' dir='ltr'><strong>Ad</strong></span> <span class='ocrx_word' id='word_1_539' title='bbox 502 2208 687 2240; x_wconf 86' lang='lat' dir='ltr'><strong>secundum</strong></span> <span class='ocrx_word' id='word_1_540' title='bbox 710 2219 817 2252; x_wconf 84' lang='lat' dir='ltr'><strong>genus</strong></span> <span class='ocrx_word' id='word_1_541' title='bbox 839 2209 942 2241; x_wconf 86' lang='lat' dir='ltr'><strong>trahit</strong></span> <span class='ocrx_word' id='word_1_542' title='bbox 960 2221 994 2252; x_wconf 86' lang='lat' dir='ltr'><strong>p.</strong></span> <span class='ocrx_word' id='word_1_543' title='bbox 1016 2212 1056 2244; x_wconf 79' lang='grc'><strong>5-5</strong></span> <span class='ocrx_word' id='word_1_544' title='bbox 1078 2221 1128 2253; x_wconf 86' lang='lat' dir='ltr'><strong>sq.</strong></span> <span class='ocrx_word' id='word_1_545' title='bbox 1149 2210 1300 2252; x_wconf 86' lang='lat' dir='ltr'><strong>reliquos</strong></span> <span class='ocrx_word' id='word_1_546' title='bbox 1322 2215 1459 2252; x_wconf 87' lang='lat' dir='ltr'><strong>praeter</strong></span> <span class='ocrx_word' id='word_1_547' title='bbox 1481 2210 1719 2241; x_wconf 86' lang='lat' dir='ltr'><strong>Rhinthonem.</strong></span> <span class='ocrx_word' id='word_1_548' title='bbox 1778 2211 1820 2249; x_wconf 75' lang='lat'><strong>²⁹)</strong></span> <span class='ocrx_word' id='word_1_549' title='bbox 1845 2209 1998 2242; x_wconf 89' lang='lat' dir='ltr'><strong>Sosibius</strong></span> <span class='ocrx_word' id='word_1_550' title='bbox 2021 2212 2110 2254; x_wconf 84' lang='lat' dir='ltr'><strong>apud</strong></span> <span class='ocrx_word' id='word_1_551' title='bbox 2133 2213 2178 2243; x_wconf 77' lang='lat' dir='ltr'><strong>At</strong></span> <span class='ocrx_word' id='word_1_552' title='bbox 2204 2223 2260 2245; x_wconf 90' lang='lat' dir='ltr'><strong>en.</strong></span> 
     </span>
     <span class='ocr_line' id='line_1_44' title="bbox 192 2220 2262 2298; baseline 0.001 -15"><span class='ocrx_word' id='word_1_553' title='bbox 192 2220 217 2283; x_wconf 58' lang='grc' dir='ltr'><em>Ε</em></span> <span class='ocrx_word' id='word_1_554' title='bbox 241 2262 271 2285; x_wconf 85' lang='lat' dir='ltr'><strong>e.</strong></span> <span class='ocrx_word' id='word_1_555' title='bbox 296 2261 343 2284; x_wconf 84' lang='lat' dir='ltr'><strong>e.:</strong></span> <span class='ocrx_word' id='word_1_556' title='bbox 366 2250 565 2292; x_wconf 75' lang='grc' dir='ltr'><strong><em>δικηλισταὶ,</em></strong></span> <span class='ocrx_word' id='word_1_557' title='bbox 588 2248 634 2283; x_wconf 70' lang='grc' dir='ltr'><strong>«ἴε</strong></span> <span class='ocrx_word' id='word_1_558' title='bbox 656 2249 700 2283; x_wconf 77' lang='grc' dir='ltr'><strong>ἄν</strong></span> <span class='ocrx_word' id='word_1_559' title='bbox 723 2261 776 2284; x_wconf 66' lang='grc' dir='ltr'><strong>τις</strong></span> <span class='ocrx_word' id='word_1_560' title='bbox 797 2249 1012 2284; x_wconf 68' lang='grc' dir='ltr'><strong><em>σκευοποιοῦς</em></strong></span> <span class='ocrx_word' id='word_1_561' title='bbox 1035 2255 1114 2293; x_wconf 78' lang='grc' dir='ltr'><strong><em>εἴπη</em></strong></span> <span class='ocrx_word' id='word_1_562' title='bbox 1135 2258 1189 2284; x_wconf 68' lang='grc' dir='ltr'><strong>καὶ</strong></span> <span class='ocrx_word' id='word_1_563' title='bbox 1209 2252 1374 2292; x_wconf 70' lang='grc' dir='ltr'><strong>μιμητάς.</strong></span> <span class='ocrx_word' id='word_1_564' title='bbox 1418 2251 1560 2285; x_wconf 83' lang='lat' dir='ltr'><strong>Salmas.</strong></span> <span class='ocrx_word' id='word_1_565' title='bbox 1582 2251 1626 2284; x_wconf 80' lang='lat' dir='ltr'><strong>ad</strong></span> <span class='ocrx_word' id='word_1_566' title='bbox 1645 2251 1756 2284; x_wconf 88' lang='lat' dir='ltr'><strong>Solin.</strong></span> <span class='ocrx_word' id='word_1_567' title='bbox 1776 2263 1814 2294; x_wconf 86' lang='lat' dir='ltr'><strong>p.</strong></span> <span class='ocrx_word' id='word_1_568' title='bbox 1836 2249 1889 2285; x_wconf 83' lang='grc'><strong>76.</strong></span> <span class='ocrx_word' id='word_1_569' title='bbox 1911 2252 1947 2286; x_wconf 87' lang='lat' dir='ltr'><strong>h.</strong></span> <span class='ocrx_word' id='word_1_570' title='bbox 1968 2253 2006 2286; x_wconf 80' lang='lat' dir='ltr'><strong>F..</strong></span> <span class='ocrx_word' id='word_1_571' title='bbox 2033 2255 2159 2297; x_wconf 64' lang='lat' dir='ltr'><strong>Grysar</strong></span> <span class='ocrx_word' id='word_1_572' title='bbox 2181 2265 2262 2298; x_wconf 81' lang='lat' dir='ltr'><strong>pag.</strong></span> 
     </span>
     <span class='ocr_line' id='line_1_45' title="bbox 195 2292 2263 2367; baseline 0.001 -40"><span class='ocrx_word' id='word_1_573' title='bbox 195 2294 235 2327; x_wconf 90' lang='lat'><strong>18</strong></span> <span class='ocrx_word' id='word_1_574' title='bbox 257 2304 310 2336; x_wconf 87' lang='lat' dir='ltr'><strong>sq.</strong></span> <span class='ocrx_word' id='word_1_575' title='bbox 378 2295 422 2334; x_wconf 80' lang='lat'><strong>³⁰)</strong></span> <span class='ocrx_word' id='word_1_576' title='bbox 445 2293 631 2341; x_wconf 76' lang='lat' dir='ltr'><strong>Mimorum</strong></span> <span class='ocrx_word' id='word_1_577' title='bbox 658 2298 782 2367; x_wconf 66' lang='lat' dir='ltr'><strong>poetae</strong></span> <span class='ocrx_word' id='word_1_578' title='bbox 809 2294 889 2326; x_wconf 88' lang='lat' dir='ltr'><strong>inde</strong></span> <span class='ocrx_word' id='word_1_579' title='bbox 920 2294 1079 2326; x_wconf 84' lang='lat' dir='ltr'><strong>dicuntur</strong></span> <span class='ocrx_word' id='word_1_580' title='bbox 1098 2292 1350 2336; x_wconf 73' lang='grc' dir='ltr'><strong>φλιιακογροὶφοι</strong></span> <span class='ocrx_word' id='word_1_581' title='bbox 1372 2300 1431 2326; x_wconf 89' lang='lat' dir='ltr'><strong>aut</strong></span> <span class='ocrx_word' id='word_1_582' title='bbox 1449 2293 1617 2335; x_wconf 70' lang='grc' dir='ltr'><strong>φλοιάκες,</strong></span> <span class='ocrx_word' id='word_1_583' title='bbox 1650 2294 1804 2329; x_wconf 77' lang='lat' dir='ltr'><strong>Eustalh.</strong></span> <span class='ocrx_word' id='word_1_584' title='bbox 1826 2293 1871 2325; x_wconf 77' lang='lat' dir='ltr'><strong>ad</strong></span> <span class='ocrx_word' id='word_1_585' title='bbox 1891 2295 1985 2327; x_wconf 76' lang='lat' dir='ltr'><strong>Iliad.</strong></span> <span class='ocrx_word' id='word_1_586' title='bbox 2008 2308 2083 2340; x_wconf 74' lang='lat' dir='ltr'><strong>pag.</strong></span> <span class='ocrx_word' id='word_1_587' title='bbox 2107 2294 2185 2330; x_wconf 69' lang='lat'><strong>836.</strong></span> <span class='ocrx_word' id='word_1_588' title='bbox 2208 2301 2263 2332; x_wconf 76' lang='lat'><strong>27.</strong></span> 
     </span>
     <span class='ocr_line' id='line_1_46' title="bbox 194 2334 2264 2382; baseline 0.002 -15"><span class='ocrx_word' id='word_1_589' title='bbox 194 2337 236 2376; x_wconf 89' lang='lat'><strong>³¹)</strong></span> <span class='ocrx_word' id='word_1_590' title='bbox 257 2335 358 2382; x_wconf 78' lang='lat' dir='ltr'><strong>Quod</strong></span> <span class='ocrx_word' id='word_1_591' title='bbox 380 2335 423 2368; x_wconf 86' lang='lat' dir='ltr'><strong>de</strong></span> <span class='ocrx_word' id='word_1_592' title='bbox 445 2335 642 2367; x_wconf 81' lang='lat' dir='ltr'><strong>Rlunthone</strong></span> <span class='ocrx_word' id='word_1_593' title='bbox 676 2334 768 2367; x_wconf 74' lang='lat' dir='ltr'><strong>labet</strong></span> <span class='ocrx_word' id='word_1_594' title='bbox 790 2336 978 2380; x_wconf 68' lang='lat' dir='ltr'><strong>Hesychius</strong></span> <span class='ocrx_word' id='word_1_595' title='bbox 1000 2337 1025 2371; x_wconf 87' lang='lat' dir='ltr'><strong>l.</strong></span> <span class='ocrx_word' id='word_1_596' title='bbox 1045 2348 1096 2371; x_wconf 59' lang='grc' dir='ltr'><strong>ας</strong></span> <span class='ocrx_word' id='word_1_597' title='bbox 1117 2338 1287 2380; x_wconf 73' lang='grc' dir='ltr'><em>γυναικεῖα</em></span> <span class='ocrx_word' id='word_1_598' title='bbox 1308 2334 1642 2378; x_wconf 48' lang='lat' dir='ltr'><strong>muniverant,</strong></span> <span class='ocrx_word' id='word_1_599' title='bbox 1676 2335 1769 2367; x_wconf 87' lang='lat' dir='ltr'><strong>idem</strong></span> <span class='ocrx_word' id='word_1_600' title='bbox 1791 2336 1834 2369; x_wconf 68' lang='lat' dir='ltr'><strong>dJ</strong></span> <span class='ocrx_word' id='word_1_601' title='bbox 1857 2338 2008 2381; x_wconf 80' lang='lat' dir='ltr'><strong>magodis</strong></span> <span class='ocrx_word' id='word_1_602' title='bbox 2035 2338 2133 2370; x_wconf 62' lang='lat' dir='ltr'><strong>tradit</strong></span> <span class='ocrx_word' id='word_1_603' title='bbox 2157 2340 2264 2373; x_wconf 76' lang='lat' dir='ltr'><strong>Athe-</strong></span> 
     </span>
     <span class='ocr_line' id='line_1_47' title="bbox 191 2377 2262 2424; baseline 0.003 -15"><span class='ocrx_word' id='word_1_604' title='bbox 191 2387 296 2409; x_wconf 85' lang='lat' dir='ltr'><strong>naeus</strong></span> <span class='ocrx_word' id='word_1_605' title='bbox 325 2390 363 2421; x_wconf 89' lang='lat' dir='ltr'><strong>p.</strong></span> <span class='ocrx_word' id='word_1_606' title='bbox 389 2381 466 2413; x_wconf 80' lang='lat'><strong>621.</strong></span> <span class='ocrx_word' id='word_1_607' title='bbox 486 2388 516 2410; x_wconf 90' lang='lat' dir='ltr'><strong>c.</strong></span> <span class='ocrx_word' id='word_1_608' title='bbox 543 2377 714 2410; x_wconf 87' lang='lat' dir='ltr'><strong>Villoison</strong></span> <span class='ocrx_word' id='word_1_609' title='bbox 741 2378 860 2412; x_wconf 85' lang='lat' dir='ltr'><strong>anecd.</strong></span> <span class='ocrx_word' id='word_1_610' title='bbox 885 2384 965 2410; x_wconf 85' lang='lat' dir='ltr'><strong>tom.</strong></span> <span class='ocrx_word' id='word_1_611' title='bbox 985 2380 1015 2412; x_wconf 78' lang='grc' dir='ltr'><strong>Ι,</strong></span> <span class='ocrx_word' id='word_1_612' title='bbox 1049 2391 1084 2422; x_wconf 72' lang='grc' dir='ltr'><strong>Ρ.</strong></span> <span class='ocrx_word' id='word_1_613' title='bbox 1106 2379 1181 2412; x_wconf 83' lang='lat'><strong>351.</strong></span> <span class='ocrx_word' id='word_1_614' title='bbox 1245 2379 1286 2417; x_wconf 78' lang='lat'><strong>³2)</strong></span> <span class='ocrx_word' id='word_1_615' title='bbox 1316 2379 1409 2409; x_wconf 90' lang='lat' dir='ltr'><strong>Male</strong></span> <span class='ocrx_word' id='word_1_616' title='bbox 1437 2378 1563 2409; x_wconf 87' lang='lat' dir='ltr'><strong>Petitus</strong></span> <span class='ocrx_word' id='word_1_617' title='bbox 1592 2378 1733 2410; x_wconf 78' lang='lat' dir='ltr'><strong>miscell.</strong></span> <span class='ocrx_word' id='word_1_618' title='bbox 1765 2379 1859 2416; x_wconf 61' lang='lat' dir='ltr'><strong>VH„</strong></span> <span class='ocrx_word' id='word_1_619' title='bbox 1891 2384 1941 2420; x_wconf 72' lang='lat'><strong>14.</strong></span> <span class='ocrx_word' id='word_1_620' title='bbox 1969 2380 2262 2424; x_wconf 72' lang='lat' dir='ltr'><strong>hilarotragoedos</strong></span> 
     </span>
     <span class='ocr_line' id='line_1_48' title="bbox 191 2419 2264 2471; baseline 0.002 -19"><span class='ocrx_word' id='word_1_621' title='bbox 191 2420 384 2452; x_wconf 87' lang='lat' dir='ltr'><strong>commiscet</strong></span> <span class='ocrx_word' id='word_1_622' title='bbox 406 2430 483 2452; x_wconf 88' lang='lat' dir='ltr'><strong>cum</strong></span> <span class='ocrx_word' id='word_1_623' title='bbox 504 2419 657 2471; x_wconf 78' lang='lat' dir='ltr'><strong>pamdis,</strong></span> <span class='ocrx_word' id='word_1_624' title='bbox 680 2429 743 2451; x_wconf 81' lang='lat' dir='ltr'><strong>nec</strong></span> <span class='ocrx_word' id='word_1_625' title='bbox 764 2420 885 2452; x_wconf 87' lang='lat' dir='ltr'><strong>melius</strong></span> <span class='ocrx_word' id='word_1_626' title='bbox 907 2419 998 2452; x_wconf 84' lang='lat' dir='ltr'><strong>idem</strong></span> <span class='ocrx_word' id='word_1_627' title='bbox 1020 2421 1179 2454; x_wconf 86' lang='lat' dir='ltr'><strong>cinaedos</strong></span> <span class='ocrx_word' id='word_1_628' title='bbox 1202 2425 1240 2451; x_wconf 90' lang='lat' dir='ltr'><strong>ut</strong></span> <span class='ocrx_word' id='word_1_629' title='bbox 1257 2420 1447 2470; x_wconf 76' lang='lat' dir='ltr'><strong>plurimum</strong></span> <span class='ocrx_word' id='word_1_630' title='bbox 1470 2419 1776 2464; x_wconf 83' lang='lat' dir='ltr'><strong>hilarotragoediae</strong></span> <span class='ocrx_word' id='word_1_631' title='bbox 1797 2428 2035 2464; x_wconf 78' lang='lat' dir='ltr'><strong>argumentum</strong></span> <span class='ocrx_word' id='word_1_632' title='bbox 2057 2422 2162 2455; x_wconf 84' lang='lat' dir='ltr'><strong>fuisse</strong></span> <span class='ocrx_word' id='word_1_633' title='bbox 2185 2434 2264 2457; x_wconf 87' lang='lat' dir='ltr'><strong>cen-</strong></span> 
     </span>
     <span class='ocr_line' id='line_1_49' title="bbox 190 2462 2263 2509; baseline 0.002 -13"><span class='ocrx_word' id='word_1_634' title='bbox 190 2468 252 2496; x_wconf 89' lang='lat' dir='ltr'><strong>set.</strong></span> <span class='ocrx_word' id='word_1_635' title='bbox 316 2464 357 2504; x_wconf 86' lang='lat'><strong>³³)</strong></span> <span class='ocrx_word' id='word_1_636' title='bbox 380 2463 491 2496; x_wconf 88' lang='lat' dir='ltr'><strong>Sciras</strong></span> <span class='ocrx_word' id='word_1_637' title='bbox 513 2474 540 2496; x_wconf 82' lang='lat' dir='ltr'><strong>is</strong></span> <span class='ocrx_word' id='word_1_638' title='bbox 563 2468 629 2503; x_wconf 88' lang='lat' dir='ltr'><strong>est,</strong></span> <span class='ocrx_word' id='word_1_639' title='bbox 651 2463 746 2504; x_wconf 82' lang='lat' dir='ltr'><strong>cujus</strong></span> <span class='ocrx_word' id='word_1_640' title='bbox 767 2474 872 2508; x_wconf 88' lang='lat' dir='ltr'><strong>supra</strong></span> <span class='ocrx_word' id='word_1_641' title='bbox 894 2474 935 2496; x_wconf 83' lang='lat' dir='ltr'><strong>ex</strong></span> <span class='ocrx_word' id='word_1_642' title='bbox 961 2462 1139 2497; x_wconf 81' lang='lat' dir='ltr'><strong>Athenaeo</strong></span> <span class='ocrx_word' id='word_1_643' title='bbox 1161 2469 1370 2496; x_wconf 78' lang='lat' dir='ltr'><strong>mentionem</strong></span> <span class='ocrx_word' id='word_1_644' title='bbox 1392 2462 1545 2496; x_wconf 82' lang='lat' dir='ltr'><strong>fecimus.</strong></span> <span class='ocrx_word' id='word_1_645' title='bbox 1587 2463 1721 2495; x_wconf 87' lang='lat' dir='ltr'><strong>Nomen</strong></span> <span class='ocrx_word' id='word_1_646' title='bbox 1748 2475 1813 2507; x_wconf 89' lang='lat' dir='ltr'><strong>pro</strong></span> <span class='ocrx_word' id='word_1_647' title='bbox 1834 2463 2007 2507; x_wconf 77' lang='grc' dir='ltr'><strong>Ἀοκὴραν</strong></span> <span class='ocrx_word' id='word_1_648' title='bbox 2034 2465 2263 2509; x_wconf 83' lang='lat' dir='ltr'><strong>probabiliter</strong></span> 
     </span>
     <span class='ocr_line' id='line_1_50' title="bbox 190 2505 2260 2549; baseline 0.003 -14"><span class='ocrx_word' id='word_1_649' title='bbox 190 2505 338 2536; x_wconf 80' lang='lat' dir='ltr'><strong>restituit</strong></span> <span class='ocrx_word' id='word_1_650' title='bbox 358 2506 519 2536; x_wconf 82' lang='lat' dir='ltr'><strong>Reuvens</strong></span> <span class='ocrx_word' id='word_1_651' title='bbox 542 2505 721 2537; x_wconf 81' lang='lat' dir='ltr'><strong>collectan.</strong></span> <span class='ocrx_word' id='word_1_652' title='bbox 743 2516 820 2549; x_wconf 83' lang='lat' dir='ltr'><strong>pag.</strong></span> <span class='ocrx_word' id='word_1_653' title='bbox 844 2510 886 2540; x_wconf 90' lang='lat'><strong>77</strong></span> <span class='ocrx_word' id='word_1_654' title='bbox 909 2516 969 2547; x_wconf 56' lang='lat' dir='ltr'><strong>sq„</strong></span> <span class='ocrx_word' id='word_1_655' title='bbox 991 2507 1196 2538; x_wconf 82' lang='lat' dir='ltr'><strong>assentiente</strong></span> <span class='ocrx_word' id='word_1_656' title='bbox 1218 2505 1347 2548; x_wconf 83' lang='lat' dir='ltr'><strong>Langio</strong></span> <span class='ocrx_word' id='word_1_657' title='bbox 1369 2505 1495 2538; x_wconf 78' lang='lat' dir='ltr'><strong>vindic.</strong></span> <span class='ocrx_word' id='word_1_658' title='bbox 1515 2511 1601 2547; x_wconf 77' lang='lat' dir='ltr'><strong>trag.</strong></span> <span class='ocrx_word' id='word_1_659' title='bbox 1626 2506 1724 2537; x_wconf 75' lang='lat' dir='ltr'><strong>Rom.</strong></span> <span class='ocrx_word' id='word_1_660' title='bbox 1744 2516 1823 2549; x_wconf 83' lang='lat' dir='ltr'><strong>pag.</strong></span> <span class='ocrx_word' id='word_1_661' title='bbox 1845 2508 1898 2539; x_wconf 78' lang='lat'><strong>51.</strong></span> <span class='ocrx_word' id='word_1_662' title='bbox 1941 2508 2070 2539; x_wconf 78' lang='lat' dir='ltr'><strong>Collato</strong></span> <span class='ocrx_word' id='word_1_663' title='bbox 2091 2507 2260 2542; x_wconf 73' lang='lat' dir='ltr'><strong>Athenaei</strong></span> 
     </span>
     <span class='ocr_line' id='line_1_51' title="bbox 190 2546 2259 2593; baseline 0.002 -15"><span class='ocrx_word' id='word_1_664' title='bbox 190 2547 267 2579; x_wconf 88' lang='lat' dir='ltr'><strong>loco</strong></span> <span class='ocrx_word' id='word_1_665' title='bbox 290 2546 358 2587; x_wconf 82' lang='lat' dir='ltr'><strong>jam</strong></span> <span class='ocrx_word' id='word_1_666' title='bbox 383 2546 477 2579; x_wconf 70' lang='lat' dir='ltr'><strong>vides</strong></span> <span class='ocrx_word' id='word_1_667' title='bbox 498 2546 649 2579; x_wconf 83' lang='lat' dir='ltr'><strong>fabulam</strong></span> <span class='ocrx_word' id='word_1_668' title='bbox 672 2546 932 2579; x_wconf 79' lang='lat' dir='ltr'><strong>Rhinthonicam</strong></span> <span class='ocrx_word' id='word_1_669' title='bbox 953 2547 1157 2593; x_wconf 82' lang='lat' dir='ltr'><strong>pertinuisse</strong></span> <span class='ocrx_word' id='word_1_670' title='bbox 1179 2546 1223 2579; x_wconf 82' lang='lat' dir='ltr'><strong>ad</strong></span> <span class='ocrx_word' id='word_1_671' title='bbox 1267 2556 1350 2578; x_wconf 91' lang='lat' dir='ltr'><strong>enus</strong></span> <span class='ocrx_word' id='word_1_672' title='bbox 1373 2546 1510 2579; x_wconf 84' lang='lat' dir='ltr'><strong>Italicae</strong></span> <span class='ocrx_word' id='word_1_673' title='bbox 1539 2546 1736 2579; x_wconf 88' lang='lat' dir='ltr'><strong>comoediae</strong></span> <span class='ocrx_word' id='word_1_674' title='bbox 1744 2558 1754 2588; x_wconf 81' lang='lat'><em>3</em></span> <span class='ocrx_word' id='word_1_675' title='bbox 1789 2548 1897 2590; x_wconf 83' lang='lat' dir='ltr'><strong>possis</strong></span> <span class='ocrx_word' id='word_1_676' title='bbox 1918 2548 1998 2581; x_wconf 88' lang='lat' dir='ltr'><strong>item</strong></span> <span class='ocrx_word' id='word_1_677' title='bbox 2019 2549 2192 2592; x_wconf 62' lang='lat' dir='ltr'><strong>conj&#39;mre</strong></span> <span class='ocrx_word' id='word_1_678' title='bbox 2213 2552 2259 2584; x_wconf 85' lang='lat' dir='ltr'><strong>oh</strong></span> 
     </span>
     <span class='ocr_line' id='line_1_52' title="bbox 190 2557 2261 2635; baseline 0.002 -13"><span class='ocrx_word' id='word_1_679' title='bbox 190 2589 366 2622; x_wconf 85' lang='lat' dir='ltr'><strong>nominum</strong></span> <span class='ocrx_word' id='word_1_680' title='bbox 389 2589 531 2629; x_wconf 88' lang='lat' dir='ltr'><strong>seriem,</strong></span> <span class='ocrx_word' id='word_1_681' title='bbox 572 2589 700 2623; x_wconf 88' lang='lat' dir='ltr'><strong>Sciram</strong></span> <span class='ocrx_word' id='word_1_682' title='bbox 722 2596 801 2635; x_wconf 87' lang='lat' dir='ltr'><strong>post</strong></span> <span class='ocrx_word' id='word_1_683' title='bbox 822 2589 1053 2625; x_wconf 84' lang='lat' dir='ltr'><strong>Rhinthonem</strong></span> <span class='ocrx_word' id='word_1_684' title='bbox 1074 2590 1214 2634; x_wconf 79' lang='lat' dir='ltr'><strong>vixisse,</strong></span> <span class='ocrx_word' id='word_1_685' title='bbox 1244 2557 1334 2622; x_wconf 59' lang='lat' dir='ltr'><strong>imno</strong></span> <span class='ocrx_word' id='word_1_686' title='bbox 1357 2590 1468 2633; x_wconf 84' lang='lat' dir='ltr'><strong>ipsum</strong></span> <span class='ocrx_word' id='word_1_687' title='bbox 1490 2590 1667 2624; x_wconf 86' lang='lat' dir='ltr'><strong>imitatum.</strong></span> <span class='ocrx_word' id='word_1_688' title='bbox 1710 2589 1852 2624; x_wconf 87' lang='lat' dir='ltr'><strong>Blaesus</strong></span> <span class='ocrx_word' id='word_1_689' title='bbox 1875 2592 1932 2624; x_wconf 88' lang='lat' dir='ltr'><strong>ille</strong></span> <span class='ocrx_word' id='word_1_690' title='bbox 1953 2593 2130 2626; x_wconf 80' lang='lat' dir='ltr'><strong>restitutus</strong></span> <span class='ocrx_word' id='word_1_691' title='bbox 2154 2601 2219 2627; x_wconf 86' lang='lat' dir='ltr'><strong>tam</strong></span> <span class='ocrx_word' id='word_1_692' title='bbox 2241 2606 2261 2627; x_wconf 89' lang='lat' dir='ltr'><strong>a</strong></span> 
     </span>
     <span class='ocr_line' id='line_1_53' title="bbox 191 2631 2257 2682; baseline 0.002 -18"><span class='ocrx_word' id='word_1_693' title='bbox 191 2631 386 2664; x_wconf 86' lang='lat' dir='ltr'><strong>Reuv-ensio</strong></span> <span class='ocrx_word' id='word_1_694' title='bbox 415 2642 494 2675; x_wconf 83' lang='lat' dir='ltr'><strong>pag.</strong></span> <span class='ocrx_word' id='word_1_695' title='bbox 515 2634 570 2668; x_wconf 86' lang='lat'><strong>79.</strong></span> <span class='ocrx_word' id='word_1_696' title='bbox 595 2643 697 2675; x_wconf 84' lang='lat' dir='ltr'><strong>quam</strong></span> <span class='ocrx_word' id='word_1_697' title='bbox 725 2632 769 2665; x_wconf 84' lang='lat' dir='ltr'><strong>ab</strong></span> <span class='ocrx_word' id='word_1_698' title='bbox 798 2633 936 2665; x_wconf 86' lang='lat' dir='ltr'><strong>Osanno</strong></span> <span class='ocrx_word' id='word_1_699' title='bbox 965 2634 1108 2667; x_wconf 82' lang='lat' dir='ltr'><strong>analect.</strong></span> <span class='ocrx_word' id='word_1_700' title='bbox 1130 2645 1168 2676; x_wconf 87' lang='lat' dir='ltr'><strong>p.</strong></span> <span class='ocrx_word' id='word_1_701' title='bbox 1189 2635 1242 2674; x_wconf 61' lang='grc'><strong>74.</strong></span> <span class='ocrx_word' id='word_1_702' title='bbox 1263 2643 1329 2682; x_wconf 83' lang='lat' dir='ltr'><strong>pro</strong></span> <span class='ocrx_word' id='word_1_703' title='bbox 1352 2631 1495 2669; x_wconf 70' lang='grc' dir='ltr'><strong>Βλέσον,</strong></span> <span class='ocrx_word' id='word_1_704' title='bbox 1538 2632 1691 2675; x_wconf 86' lang='lat' dir='ltr'><strong>Capreae</strong></span> <span class='ocrx_word' id='word_1_705' title='bbox 1722 2639 1823 2664; x_wconf 88' lang='lat' dir='ltr'><strong>natus</strong></span> <span class='ocrx_word' id='word_1_706' title='bbox 1851 2635 1915 2666; x_wconf 91' lang='lat' dir='ltr'><strong>scri</strong></span> <span class='ocrx_word' id='word_1_707' title='bbox 1941 2635 1982 2666; x_wconf 89' lang='lat' dir='ltr'><strong>sit</strong></span> <span class='ocrx_word' id='word_1_708' title='bbox 2018 2646 2066 2667; x_wconf 75' lang='grc' dir='ltr'><strong>σπ</strong></span> <span class='ocrx_word' id='word_1_709' title='bbox 2166 2636 2257 2668; x_wconf 59' lang='lat' dir='ltr'><strong>§loia</strong></span> 
     </span>
     <span class='ocr_line' id='line_1_54' title="bbox 191 2673 2258 2725; baseline 0.001 -18"><span class='ocrx_word' id='word_1_710' title='bbox 191 2674 353 2718; x_wconf 70' lang='lat' dir='ltr'><strong>stephan.</strong></span> <span class='ocrx_word' id='word_1_711' title='bbox 378 2673 456 2718; x_wconf 82' lang='lat' dir='ltr'><strong>Byz.</strong></span> <span class='ocrx_word' id='word_1_712' title='bbox 476 2676 616 2717; x_wconf 77' lang='grc' dir='ltr'><strong><em>Καπρίη</em></strong></span> <span class='ocrx_word' id='word_1_713' title='bbox 637 2673 721 2719; x_wconf 79' lang='lat' dir='ltr'><strong>ihiq.</strong></span> <span class='ocrx_word' id='word_1_714' title='bbox 742 2673 897 2714; x_wconf 67' lang='lat' dir='ltr'><strong>Berket,</strong></span> <span class='ocrx_word' id='word_1_715' title='bbox 928 2675 1025 2720; x_wconf 82' lang='lat' dir='ltr'><strong>quod</strong></span> <span class='ocrx_word' id='word_1_716' title='bbox 1045 2685 1171 2708; x_wconf 89' lang='lat' dir='ltr'><strong>nomen</strong></span> <span class='ocrx_word' id='word_1_717' title='bbox 1193 2675 1357 2719; x_wconf 71' lang='lat' dir='ltr'><strong>significat</strong></span> <span class='ocrx_word' id='word_1_718' title='bbox 1379 2675 1454 2707; x_wconf 89' lang='lat' dir='ltr'><strong>scre</strong></span> <span class='ocrx_word' id='word_1_719' title='bbox 1475 2674 1565 2706; x_wconf 81' lang='lat' dir='ltr'><strong>idem</strong></span> <span class='ocrx_word' id='word_1_720' title='bbox 1587 2674 1682 2725; x_wconf 76' lang='lat' dir='ltr'><strong>quod</strong></span> <span class='ocrx_word' id='word_1_721' title='bbox 1705 2673 1912 2719; x_wconf 74' lang='grc' dir='ltr'><strong>ι’ὶαροτραγω</strong></span> <span class='ocrx_word' id='word_1_722' title='bbox 1934 2680 1988 2718; x_wconf 70' lang='lat' dir='ltr'><strong>iaz,</strong></span> <span class='ocrx_word' id='word_1_723' title='bbox 2015 2676 2063 2710; x_wconf 88' lang='lat' dir='ltr'><strong>ita</strong></span> <span class='ocrx_word' id='word_1_724' title='bbox 2085 2683 2197 2710; x_wconf 81' lang='lat' dir='ltr'><strong>tamen</strong></span> <span class='ocrx_word' id='word_1_725' title='bbox 2219 2684 2258 2710; x_wconf 89' lang='lat' dir='ltr'><strong>ut</strong></span> 
     </span>
     <span class='ocr_line' id='line_1_55' title="bbox 192 2716 2262 2802; baseline 0.003 -14"><span class='ocrx_word' id='word_1_726' title='bbox 192 2716 404 2791; x_wconf 54' lang='grc' dir='ltr'><strong>ῗῧῖἶῗῖθὲἓῖ.</strong></span> <span class='ocrx_word' id='word_1_727' title='bbox 411 2717 470 2789; x_wconf 59' lang='lat'>{1¹1¹</span> <span class='ocrx_word' id='word_1_728' title='bbox 473 2717 660 2791; x_wconf 54' lang='grc' dir='ltr'><strong>ἱῗιίἳήὲῗὲη</strong></span> <span class='ocrx_word' id='word_1_729' title='bbox 680 2717 1024 2793; x_wconf 53' lang='grc' dir='ltr'><strong>ἕιῗὶἷῖἳέοῗὲᾟῦῗέῗ·</strong></span> <span class='ocrx_word' id='word_1_730' title='bbox 1046 2719 1091 2802; x_wconf 62' lang='grc' dir='ltr'><strong>Ῑῖᾰ</strong></span> <span class='ocrx_word' id='word_1_731' title='bbox 1110 2731 1146 2793; x_wconf 67' lang='lat' dir='ltr'><strong>F‘</strong></span> <span class='ocrx_word' id='word_1_732' title='bbox 1160 2720 1263 2792; x_wconf 50' lang='lat'><strong>3⁶21.</strong></span> <span class='ocrx_word' id='word_1_733' title='bbox 1282 2717 1482 2799; x_wconf 52' lang='lat' dir='ltr'><strong>iiiudfflissi</strong></span> <span class='ocrx_word' id='word_1_734' title='bbox 1500 2717 1769 2792; x_wconf 60' lang='lat' dir='ltr'><strong>¹³2³}2.f:}.’¹¹.¹2.⁰</strong></span> <span class='ocrx_word' id='word_1_735' title='bbox 1792 2720 2030 2793; x_wconf 50' lang='lat' dir='ltr'><strong>‘&#39;iffiffl‘ffi</strong></span> <span class='ocrx_word' id='word_1_736' title='bbox 2046 2720 2176 2794; x_wconf 60' lang='lat' dir='ltr'><strong>{ffisss-</strong></span> <span class='ocrx_word' id='word_1_737' title='bbox 2187 2727 2262 2771; x_wconf 64' lang='lat'><strong>¹¹¹³</strong></span> 
     </span>
     <span class='ocr_line' id='line_1_56' title="bbox 194 2768 2261 2857; baseline 0.003 -25"><span class='ocrx_word' id='word_1_738' title='bbox 194 2779 285 2844; x_wconf 60' lang='lat' dir='ltr'><strong>aiiud</strong></span> <span class='ocrx_word' id='word_1_739' title='bbox 306 2770 439 2844; x_wconf 72' lang='lat' dir='ltr'><strong>Lyduin</strong></span> <span class='ocrx_word' id='word_1_740' title='bbox 462 2770 539 2834; x_wconf 51' lang='lat' dir='ltr'><strong>gum</strong></span> <span class='ocrx_word' id='word_1_741' title='bbox 561 2801 755 2835; x_wconf 84' lang='lat' dir='ltr'><strong>Reuvensio</strong></span> <span class='ocrx_word' id='word_1_742' title='bbox 781 2811 860 2847; x_wconf 80' lang='lat' dir='ltr'><strong>pag.</strong></span> <span class='ocrx_word' id='word_1_743' title='bbox 880 2782 934 2838; x_wconf 55' lang='lat'><strong>,⁹71.</strong></span> <span class='ocrx_word' id='word_1_744' title='bbox 957 2805 998 2838; x_wconf 77' lang='lat'><strong>79</strong></span> <span class='ocrx_word' id='word_1_745' title='bbox 1010 2773 1071 2848; x_wconf 37' lang='grc' dir='ltr'><strong>ἰ(νεειὶῐι.</strong></span> <span class='ocrx_word' id='word_1_746' title='bbox 1088 2772 1223 2848; x_wconf 50' lang='grc' dir='ltr'><strong>ἷᾶηονέ</strong></span> <span class='ocrx_word' id='word_1_747' title='bbox 1260 2770 1619 2847; x_wconf 49' lang='lat' dir='ltr'><strong>pro&#39;fia-oayboel’mz</strong></span> <span class='ocrx_word' id='word_1_748' title='bbox 1656 2772 1961 2845; x_wconf 48' lang='lat' dir='ltr'><strong>qfnuaypdrugu</strong></span> <span class='ocrx_word' id='word_1_749' title='bbox 1979 2774 2130 2857; x_wconf 47' lang='lat' dir='ltr'><strong>qualmvis</strong></span> <span class='ocrx_word' id='word_1_750' title='bbox 2159 2768 2261 2850; x_wconf 50' lang='grc' dir='ltr'><strong>ιιτᾭ</strong></span> 
     </span>
    </p>

    <p class='ocr_par' dir='ltr' id='par_1_7' title="bbox 194 2842 2265 2936">
     <span class='ocr_line' id='line_1_57' title="bbox 242 2842 2265 2888; baseline 0.004 -16"><span class='ocrx_word' id='word_1_751' title='bbox 242 2847 300 2873; x_wconf 87' lang='lat' dir='ltr'><strong>ent</strong></span> <span class='ocrx_word' id='word_1_752' title='bbox 321 2844 469 2887; x_wconf 86' lang='lat' dir='ltr'><strong>Langius</strong></span> <span class='ocrx_word' id='word_1_753' title='bbox 492 2850 526 2875; x_wconf 91' lang='lat' dir='ltr'><strong>et</strong></span> <span class='ocrx_word' id='word_1_754' title='bbox 549 2844 708 2877; x_wconf 77' lang='lat' dir='ltr'><strong>Osannue</strong></span> <span class='ocrx_word' id='word_1_755' title='bbox 730 2845 843 2882; x_wconf 59' lang='lat' dir='ltr'><strong>nme..</strong></span> <span class='ocrx_word' id='word_1_756' title='bbox 865 2846 924 2887; x_wconf 87' lang='lat' dir='ltr'><strong>qui</strong></span> <span class='ocrx_word' id='word_1_757' title='bbox 947 2852 1098 2877; x_wconf 82' lang='lat' dir='ltr'><strong>veterem</strong></span> <span class='ocrx_word' id='word_1_758' title='bbox 1120 2846 1323 2887; x_wconf 81' lang='lat' dir='ltr'><strong>scripturam</strong></span> <span class='ocrx_word' id='word_1_759' title='bbox 1345 2855 1484 2876; x_wconf 86' lang='lat' dir='ltr'><strong>servans</strong></span> <span class='ocrx_word' id='word_1_760' title='bbox 1507 2856 1572 2888; x_wconf 89' lang='lat' dir='ltr'><strong>pro</strong></span> <span class='ocrx_word' id='word_1_761' title='bbox 1592 2842 1765 2885; x_wconf 69' lang='grc' dir='ltr'><strong>Ἀσκῆραν</strong></span> <span class='ocrx_word' id='word_1_762' title='bbox 1786 2847 1977 2878; x_wconf 76' lang='lat' dir='ltr'><strong>emendavit</strong></span> <span class='ocrx_word' id='word_1_763' title='bbox 2006 2845 2150 2886; x_wconf 72' lang='grc' dir='ltr'><em>Δρῆσαν</em></span> <span class='ocrx_word' id='word_1_764' title='bbox 2170 2848 2265 2881; x_wconf 73' lang='lat' dir='ltr'><strong>inter</strong></span> 
     </span>
     <span class='ocr_line' id='line_1_58' title="bbox 194 2852 2264 2936; baseline 0.002 -22"><span class='ocrx_word' id='word_1_765' title='bbox 194 2852 426 2928; x_wconf 41' lang='lat' dir='ltr'><strong>&amp;thagoreos</strong></span> <span class='ocrx_word' id='word_1_766' title='bbox 449 2885 665 2919; x_wconf 78' lang='lat' dir='ltr'><strong>recensitum.</strong></span> <span class='ocrx_word' id='word_1_767' title='bbox 708 2883 908 2929; x_wconf 76' lang='grc' dir='ltr'><strong>Διδᾶγματα</strong></span> <span class='ocrx_word' id='word_1_768' title='bbox 937 2887 979 2919; x_wconf 87' lang='lat' dir='ltr'><strong>de</strong></span> <span class='ocrx_word' id='word_1_769' title='bbox 1002 2887 1144 2927; x_wconf 83' lang='lat' dir='ltr'><strong>fabulis,</strong></span> <span class='ocrx_word' id='word_1_770' title='bbox 1178 2884 1378 2928; x_wconf 75' lang='grc' dir='ltr'><em>καθηγητήν</em></span> <span class='ocrx_word' id='word_1_771' title='bbox 1401 2892 1576 2918; x_wconf 84' lang='lat' dir='ltr'><strong>auctorem</strong></span> <span class='ocrx_word' id='word_1_772' title='bbox 1598 2885 1752 2930; x_wconf 85' lang='lat' dir='ltr'><strong>intelligo</strong></span> <span class='ocrx_word' id='word_1_773' title='bbox 1774 2897 1852 2919; x_wconf 88' lang='lat' dir='ltr'><strong>cum</strong></span> <span class='ocrx_word' id='word_1_774' title='bbox 1874 2887 2066 2919; x_wconf 83' lang='lat' dir='ltr'><strong>Reuvensio</strong></span> <span class='ocrx_word' id='word_1_775' title='bbox 2089 2900 2123 2933; x_wconf 78' lang='lat' dir='ltr'><strong>p.</strong></span> <span class='ocrx_word' id='word_1_776' title='bbox 2148 2894 2187 2926; x_wconf 80' lang='lat'><strong>&#39;72</strong></span> <span class='ocrx_word' id='word_1_777' title='bbox 2212 2901 2264 2936; x_wconf 68' lang='lat' dir='ltr'><strong>aq.</strong></span> 
     </span>
    </p>
   </div>
   <div class='ocr_carea' id='block_1_5' title="bbox 1701 2928 1758 2965">
    <p class='ocr_par' dir='ltr' id='par_1_8' title="bbox 1701 2928 1758 2965">
     <span class='ocr_line' id='line_1_59' title="bbox 1701 2928 1758 2965; baseline 0 -16"><span class='ocrx_word' id='word_1_778' title='bbox 1701 2928 1758 2965; x_wconf 63' lang='lat'><strong>4*</strong></span> 
     </span>
    </p>
   </div>
   <div class='ocr_carea' id='block_1_6' title="bbox 2245 0 2468 409">
    <p class='ocr_par' dir='ltr' id='par_1_9' title="bbox 2245 0 2468 409">
     <span class='ocr_line' id='line_1_60' title="bbox 2245 0 2468 409; baseline 0 -291"><span class='ocrx_word' id='word_1_779' title='bbox 2245 0 2468 409; x_wconf 95' lang='lat' dir='ltr'><strong>    </strong></span> 
     </span>
    </p>
   </div>
   <div class='ocr_carea' id='block_1_7' title="bbox 2251 2951 2468 3070">
    <p class='ocr_par' dir='ltr' id='par_1_10' title="bbox 2251 2951 2468 3070">
     <span class='ocr_line' id='line_1_61' title="bbox 2251 2951 2468 3070; baseline 0 0"><span class='ocrx_word' id='word_1_780' title='bbox 2251 3065 2263 3070; x_wconf 79' lang='grc'><strong>,.</strong></span> <span class='ocrx_word' id='word_1_781' title='bbox 2277 3059 2284 3065; x_wconf 72' lang='grc'><strong><em>,</em></strong></span> <span class='ocrx_word' id='word_1_782' title='bbox 2297 2951 2468 3070; x_wconf 52' lang='lat' dir='ltr'><em>A</em></span> 
     </span>
    </p>
   </div>
  </div>
 </body>
</html>
