2468 3070
1207 0 1314 6 ἡ
1345 0 1353 2 .
1373 0 2468 39 ..sm-*W

1175 105 1227 142 28

142 157 167 183 s.-

135 204 220 247 *tuin
248 210 309 253 sit,
336 207 505 244 differre
530 206 903 256 hilarotragoediam
930 220 952 243 a
977 208 1104 244 mimis
1132 216 1174 245 et
1201 207 1385 254 cinaedis,
1411 206 1596 246 addamus
1622 209 1739 246 etiam
1764 209 1864 257 hoc,
1891 222 1971 248 non
1996 211 2110 262 plane
2137 227 2221 253 eas·
2278 246 2281 250 .

138 258 228 296 dem
262 256 394 295 videri-
415 255 787 307 hilarotragoediam
815 262 855 293 et
881 256 1208 298 hilarodiam.
1257 253 1513 308 Ἰλαρωδίαν,
1540 258 1728 295 lascivum
1754 265 1795 294 et
1822 259 2034 297 delicatum
2063 273 2218 299 carmen

137 310 300 347 Festus:
328 307 542 350 liilarodos,
570 319 726 343 carmen
753 306 886 355 potius
912 305 1036 343 fuisse
1065 321 1180 357 quam
1205 306 1395 354 fabulam,
1439 307 1559 359 idque
1586 308 1789 346 saltatione
1816 315 1857 346 et
1884 310 2040 349 actione
2065 311 2220 350 mimica

138 364 394 403 exornatum,
419 355 468 393 ab
501 355 689 393 hilarodis
718 355 811 391 solis
839 355 1088 393 decantatum
1115 368 1222 405 esse,
1249 357 1324 407 jam
1358 357 1450 394 olim
1489 358 1706 407 suspicatus
1745 365 1804 394 est
1831 359 2009 407 Cuperus
2037 361 2220 400 observv.

136 422 224 456 pag.
253 409 315 444 75.
342 406 396 445 cl.
424 409 609 443 Reuvens
635 419 674 454 p.
703 406 755 442 39
780 419 851 456 sq,
878 419 953 444 nee
980 419 1144 456 prorsus
1171 414 1366 458 repugnat
1395 406 1589 445 Athenaei
1614 408 1724 446 locus
1750 408 1855 448 XIV.
1875 421 1916 457 p.
1934 408 2036 457 621„
2063 422 2112 448 ex
2166 424 2218 451 uo

137 456 378 506 perspicitur
403 454 635 491 hilarodiam
663 454 922 491 imitationem
946 454 1070 491 fuisse
1096 456 1290 493 mimicam
1316 457 1377 491 rei
1410 457 1601 506 tragicae,
1641 457 1856 506 magodiam
1882 459 2056 494 comicae
2083 460 2147 496 Vil
2166 462 2222 496 oi·

135 520 206 543 son
234 505 370 545 anecd.
398 513 491 543 tom.
519 506 546 541 1.
571 517 610 554 p.
635 504 724 542 352.
779 503 918 541 Mahne
947 502 1101 542 diatrib.
1127 517 1167 554 p.
1193 506 1293 553 164„
1334 505 1387 543 ita
1412 512 1563 553 tamen,
1591 513 1635 544 ut
1660 518 1739 543 non
1764 505 1928 543 multum
1954 506 2089 549 ambae
2116 507 2221 546 inter

135 569 177 592 se
214 554 429 591 differrent
454 554 596 591 Athen.
623 554 648 589 l.
675 565 711 590 c.
741 567 779 602 p.
802 555 889 590 620.
921 554 959 590 d.
986 566 1041 597 e,
1087 555 1321 591 accedentes
1357 555 1405 592 ad
1440 556 1651 592 mimorum
1686 563 1926 605 argumenta.
1979 558 2140 598 Salmas.
2169 558 2219 596 ad

136 606 261 641 Solin.
288 616 381 654 pag.
401 604 466 644 77.
491 617 523 643 a,
551 604 811 660 (repugnante
837 602 1067 643 Eichstatlio
1097 603 1148 641 de
1175 604 1296 642 dram.
1328 605 1467 644 comic.
1494 611 1609 654 satyr.
1639 619 1678 655 p.
1704 607 1756 643 43
1778 607 1868 663 sq.).
1895 594 2076 643 Hilar'odi
2103 607 2219 645 etiam

137 654 310 701 Simodi,
347 653 505 703 magodi
530 652 694 700 Lys1odi
721 652 1039 703 appellabantur,
1079 667 1179 705 quos
1205 661 1337 691 tamen
1363 667 1501 691 rursus
1528 654 1633 692 inter
1659 667 1701 692 se
1729 654 1932 692 disunouit
1956 656 2216 695 Aristoxenus
2319 685 2329 702 s

135 704 239 753 apud
265 703 408 740 Athen.
435 703 460 741 l.
486 715 520 739 c.
549 704 660 738 Haec
686 709 776 738 utut
803 710 904 747 sunt,
932 710 1068 739 eontra
1094 704 1328 741 sententiam
1354 704 1530 744 salmasii
1556 704 1605 741 ad
1630 705 1750 742 Solin.
1776 706 1853 755 p.7
1880 733 1890 744 .
1917 717 1949 742 a.
1976 705 2219 758 aliorumque

133 765 299 802 prorsus
327 752 503 789 abstineo
531 765 553 789 a
579 751 834 788 similitudine
862 752 1077 789 hilarodiae
1105 760 1146 789 et
1172 753 1530 802 hilarotragoediae
1557 753 1684 811 iisque
1710 761 1817 791 totus
1839 753 1967 800 faveo,
1995 756 2064 805 qui
2089 756 2217 805 probe

134 801 451 851 distinguendum
479 813 565 838 esse
599 809 758 838 censent
782 814 818 839 v.
844 803 1031 839 Reuvens
1059 815 1149 852 pag.
1176 803 1228 839 39
1253 816 1311 854 sq.
1362 803 1555 840 Profecto
1589 803 1685 839 mhil
1717 804 1791 840 nisi
1825 804 1978 840 nomina
2008 804 2057 840 ad
2082 817 2235 841 rerum*

133 851 430 889 similitudinem
458 863 692 903 quemquam
718 850 904 897 adducat,
941 858 1211 902 argumentum
1246 865 1335 889 sane
1373 866 1488 904 quam
1513 852 1692 900 irritum,
1719 851 1929 889 dummodo
1956 854 2217 904 reputaveris,

132 901 494 950 hilarotragoediae
522 913 663 938 nomen
689 901 802 937 unius
830 902 973 938 Suidae
1001 903 1236 939 auctoritate
1263 902 1432 949 firmari,
1486 904 1527 939 ui
1549 902 1616 940 illo
1642 916 1735 940 usus
1760 898 1839 953 τήν
1872 902 2216 955 φλυακογραφίαν

134 951 402 1001 explicaturus
430 957 527 997 erat,
553 948 693 986 deinde
721 956 902 1000 tempore
931 950 1047 988 etiam
1073 950 1266 988 hilarodia
1292 952 1430 989 diflert
1457 967 1477 988 a
1521 951 1865 1003 hilarotragoedia,
1894 966 1983 990 cum
2008 954 2113 990 illam
2139 954 2215 1006 jam

133 1001 290 1039 noverit
316 1001 575 1038 Aristoxenus
603 999 707 1047 apud
735 1000 879 1041 Athen.
906 1002 1012 1041 xlv.
1073 1030 1082 1041 .
1107 1003 1198 1041 621.
1228 1015 1261 1040 c.
1290 1002 1341 1040 cf.
1370 1002 1518 1040 Osann.·
1542 1015 1628 1053 pag.
1653 1003 1715 1040 7l.

286 1049 520 1086 Rhinthonis
548 1047 728 1099 φλύακες
755 1062 851 1088 vera
879 1057 989 1087 crant
1055 1046 1226 1100 ’ριέματα
1265 1053 1420 1090 Miiller.
1448 1055 1547 1092 Dor.
1573 1054 1619 1089 It.
1657 1065 1695 1101 p.
1720 1054 1832 1097 365..
1865 1061 1910 1090 ut
1948 1053 2107 1103 quidem
2135 1054 2216 1102 pla-

135 1099 215 1137 cuit
242 1098 470 1137 Eichstadio
499 1106 612 1137 acuto
640 1099 786 1142 harum,
807 1111 942 1136 rerum
968 1099 1092 1150 judici
1118 1100 1158 1137 in
1186 1100 1289 1138 libro
1316 1101 1471 1138 laudato
1499 1115 1540 1151 p.
1566 1101 1616 1138 43
1643 1114 1723 1151 sq.,
1763 1102 1827 1138 cui
1852 1102 2090 1140 Rhinthonis
2118 1101 2217 1139 hita-

133 1149 386 1197 rotragoedia
423 1150 609 1198 quaedam
647 1149 805 1196 satyrici
841 1149 1024 1185 dramatis
1064 1150 1219 1198 origine
1256 1151 1378 1187 Attici
1406 1151 1572 1188 imitatio
1598 1150 1720 1187 fuisse
1748 1165 1824 1189 non
1852 1152 1935 1188 sine
1961 1165 2095 1201 magna
2121 1165 2215 1201 pro-

132 1197 340 1235 babilitate
367 1198 451 1236 visa
478 1205 550 1238 cst.
579 1197 632 1237 cf.
661 1197 819 1238 Salmas.
845 1210 887 1247 p.
914 1198 1000 1235 776.
1037 1198 1071 1233 F
1075 1198 1287 1235 erebantur
1314 1200 1418 1248 apud
1445 1206 1602 1236 veteres
1630 1199 1863 1236 Rhinthonis
1886 1200 2041 1237 fabulae
2058 1201 2214 1250 triginta

133 1256 226 1284 octo
255 1248 445 1297 Stephan.
471 1251 566 1298 Byz.
601 1243 761 1298 Τάρας,
801 1255 992 1298 reeteque
1028 1255 1146 1286 vocat
1179 1247 1247 1285 has
1284 1247 1434 1286 fabulas
1459 1249 1640 1299 ·tragicas
1678 1257 1718 1286 et
1749 1250 1916 1287 comicas
1952 1249 2089 1288 Suidas
2119 1263 2150 1291 s.
2175 1262 2212 1288 v.

132 1292 350 1343 ‘Piraeum
388 1298 495 1347 quod
530 1299 719 1347 tragicum
747 1304 1021 1346 argumentum
1047 1298 1299 1333 comicorum
1334 1299 1487 1333 ratione
1516 1304 1724 1334 tractatum
1752 1307 1848 1335 erat.
1874 1299 2104 1335 Eiehstaedt
2127 1312 2215 1348 pag.

131 1348 179 1384 51
208 1360 264 1397 sq.
293 1347 442 1395 Grysar
467 1360 508 1397 p.
531 1347 608 1394 5⁴..
634 1347 733 1383 male
762 1347 941 1395 Cuperus
969 1359 1010 1395 p.
1036 1346 1098 1383 74.
1126 1346 1367 1383 Confirmant
1388 1354 1561 1383 nostram
1589 1346 1638 1383 de
1665 1346 1900 1384 Rhinthonis
1926 1347 2071 1385 fabulis
2098 1348 2212 1385 latam

132 1397 365 1434 sententiam
393 1408 552 1443 earum,
589 1408 687 1446 quae
715 1396 890 1432 tulerunt
924 1402 1092 1432 aetatem
1127 1403 1313 1443 nostram,
1341 1396 1616 1445 inscriptiones
1652 1396 1699 1431 ad
1726 1396 1874 1433 fabulas
1902 1405 2108 1446 poetarum
2134 1404 2215 1433 tra-

133 1447 314 1495 gicorum
349 1453 574 1495 spectantes
609 1445 660 1484 ct'.
697 1445 849 1484 Fabric.
882 1444 975 1482 bibl¹
1014 1457 1144 1495 graec.
1197 1452 1292 1484 tom.
1332 1446 1378 1485 11.
1413 1459 1452 1495 p.
1496 1443 1584 1486 320,
1628 1446 1735 1485 Harl.
1791 1445 2212 1496 Amphitruonem

133 1496 264 1533 laudat
290 1495 516 1533 Athenaeus
549 1498 610 1533 lll.
641 1509 680 1546 p.
710 1497 795 1532 111.
826 1497 886 1543 Q,
912 1508 1024 1546 quam
1054 1493 1225 1531 fabulam
1251 1495 1385 1532 nescio
1413 1508 1460 1532 an
1488 1496 1649 1532 Plautus
1676 1495 1901 1533 Rhinthone
1927 1496 2059 1546 paullo
2087 1497 2215 1534 minor

134 1554 222 1583 ante
253 1546 393 1583 oculos
420 1545 601 1583 habuerit
639 1546 883 1594 scripturus,
935 1545 1043 1595 quod
1070 1545 1155 1595 ipse
1181 1544 1277 1582 dicit
1304 1546 1342 1581 in
1369 1546 1541 1596 prologo
1570 1558 1605 1585 v.
1631 1545 2122 1595 59,«tragicocomoediam
2143 1546 2213 1598 ³⁴);

133 1609 213 1633 non
241 1596 347 1633 aliud
373 1603 534 1645 practer
559 1595 636 1632 hoc
663 1596 789 1632 simile
817 1601 1087 1645 argumentum
1115 1595 1298 1633 tractavit
1363 1602 1451 1632 oeta
1487 1596 1663 1632 Latinus.
1714 1596 1993 1633 Herculem
2018 1595 2213 1633 Rhintho-

132 1646 190 1681 nis
227 1646 402 1683 laudavit
436 1645 540 1681 idem
572 1645 791 1681 Athenaeus
827 1647 892 1682 xl.
931 1657 973 1693 p.
1000 1645 1077 1680 500
1095 1643 1146 1690 ἐξ,
1194 1644 1258 1681 cui
1292 1644 1330 1680 fa
1364 1645 1449 1681 ulae
1485 1644 1623 1681 deberi
1660 1645 1847 1694 quaedam
1884 1658 1959 1694 per
1994 1646 2125 1694 jocum
2162 1645 2211 1682 dc

133 1694 313 1730 Hercule
339 1694 484 1730 tradita
511 1694 679 1741 (Miiller
705 1695 803 1731 Dor.
833 1700 928 1728 tom.
957 1695 984 1731 l.
1010 1705 1049 1741 p.
1075 1694 1152 1729 456
1163 1705 1221 1743 sq.
1277 1695 1421 1741 Grysar
1447 1707 1483 1742 p.
1513 1695 1565 1730 49
1590 1698 1681 1743 sq),
1722 1694 1818 1729 mihi
1845 1694 2078 1742 persuadeo,
2107 1694 2215 1731 Scri-

133 1744 211 1795 psit
239 1743 385 1780 deinde
411 1742 586 1780 Rhintho
614 1742 909 1793 Iphigenias
937 1741 1030 1778 duas
1058 1742 1266 1779 Tauricam
1294 1750 1335 1779 et
1361 1742 1613 1780 Aulidcnsem
1640 1742 1785 1779 Pollux
1811 1744 1903 1789 Vll,
1929 1744 1994 1782 61.
2022 1744 2095 1789 00,
2120 1745 2211 1780 Me·

133 1794 270 1830 deam
322 1789 497 1841 Hesyeh.
532 1792 772 1844 κομιῖκτωρ,
819 1793 1057 1829 Orestem
1096 1791 1315 1840 Hephaest.
1349 1805 1388 1840 p.
1415 1794 1453 1828 9.
1482 1791 1626 1837 Gaisf.‚
1682 1791 1963 1840 Telephum
1989 1791 2131 1828 Pollux
2160 1792 2209 1838 X,

131 1844 183 1881 35
202 1844 265 1889 ³³²).
319 1842 470 1880 Eadem
497 1850 743 1894 argumenta,
784 1841 892 1893 quod
926 1839 1052 1878 verbo
1090 1853 1256 1888 moneo,
1291 1847 1528 1878 tractaverat
1558 1839 1771 1889 Euripides
1809 1840 1879 1885 (de
1915 1840 2012 1877 Tele
2042 1840 2094 1878 ho
2120 1840 2211 1878 vide

132 1893 272 1933 Athen.
302 1893 352 1932 V.
382 1906 422 1942 p.
450 1895 534 1930 186.
562 1906 594 1931 e.
621 1892 825 1942 Aristoph.
852 1891 1021 1929 Acharn.
1048 1891 1178 1937 446),
1212 1898 1257 1928 ut
1284 1890 1445 1927 dubium
1474 1902 1559 1928 csse
1585 1904 1663 1928 non
1689 1891 1833 1941 possit,
1871 1889 1963 1941 quin
1989 1890 2070 1927 ilas
2097 1890 2212 1927 Euri·

132 1943 235 1991 pidis
261 1942 412 1979 fabulas
439 1942 612 1979 Rhintho
641 1943 838 1980 cavillatus
877 1941 928 1977 sit
964 1940 1108 1976 Miiller
1141 1941 1241 1979 Dor.
1282 1943 1326 1979 11.
1355 1953 1395 1989 p.
1421 1941 1508 1986 361,
1536 1952 1636 2024 quae
1662 1948 1846 1990 quantum
1871 1940 2019 1976 lusibus
2045 1952 2089 1977 ac
2115 1940 2208 1990 joco

132 1993 333 2029 materiam
381 1990 784 2038 subministraverint,
829 1989 1113 2038 Aristophanes
1150 1989 1364 2026 innumeris
1402 1990 1500 2025 locis
1569 1996 1778 2025 ocumento
1814 1996 1886 2028 est.
1924 1988 1974 2028 cf.
2011 1988 2211 2026 Riitscher

134 2042 183 2077 ‹le
210 2040 475 2090 Aristophane
501 2054 542 2090 p.
571 2043 644 2079 221
674 2055 732 2092 sq.
789 2040 979 2077 Occurrit
1007 2040 1179 2089 (lenique
1206 2038 1441 2076 Rhinthonis
1468 2037 1597 2074 fabula
1623 2038 1780 2075 Melea
1794 2048 1852 2086 ge
1865 2051 1886 2073 r
1926 2050 2064 2076 servus
2105 2036 2209 2088 apud
2226 2076 2236 2086 s

132 2090 402 2128 Herodianum
428 2091 735 2140 grammaticum,
763 2093 1035 2140 argumentum
1061 2100 1151 2124 sane
1178 2089 1216 2124 in
1242 2090 1483 2126 comicorum
1510 2087 1684 2135 deliciis,
1710 2094 1755 2123 ut
1782 2088 1918 2124 Scirae
1945 2087 2076 2124 fabula
2103 2100 2211 2125 com-

132 2140 290 2189 probat.
341 2139 458 2177 Aliud
484 2139 640 2178 fabulae
661 2139 950 2178 Rhinthonicae
976 2150 1118 2175 nomen
1145 2152 1165 2175 a
1194 2138 1248 2175 ud
1274 2137 1514 2188 Hesychium
1539 2137 1662 2175 latere
1688 2136 1860 2175 videtur.
1887 2150 1918 2177 s.
1947 2149 1984 2178 v.
2012 2131 2206 2191 κοίρκαρα.

133 2190 222 2228 vide
249 2190 307 2226 ibi
332 2189 459 2238 intpp.
508 2191 640 2241 Atque
667 2190 766 2227 haec
792 2189 953 2240 quidem
980 2187 1029 2224 de
1056 2188 1168 2245 singu
1186 2189 1217 2224 is
1243 2195 1386 2238 poetae
1414 2188 1607 2224 dramatis.

281 2241 347 2277 De
373 2246 528 2277 metro
555 2240 777 2291 quaeritur,
816 2251 895 2290 quo
923 2237 1097 2274 Rhintho
1125 2251 1165 2274 1n
1192 2237 1333 2274 fabulis
1359 2238 1438 2275 suis
1464 2250 1556 2274 usus
1584 2237 1647 2276 sit.
1698 2238 1872 2287 Magnam
1899 2236 1939 2273 in
1964 2236 2038 2274 hac
2064 2236 2211 2287 disqui-

133 2289 276 2326 sitione
301 2295 439 2326 movet
478 2289 746 2327 difficultatem
772 2288 1014 2325 Laurentius
1038 2287 1171 2336 Lydus
1197 2289 1277 2334 41„
1322 2288 1391 2338 qui
1426 2287 1501 2327 ait:
1554 2282 1744 2328 Ῥίνθων
1781 2285 2013 2337 ἑξαμέτροις
2053 2290 2209 2339 ἔγραψε

133 2340 295 2391 πρῶτος
320 2335 558 2390 κωμωδίαν,
585 2338 791 2376 admodum
818 2339 930 2377 mire.
967 2338 1028 2372 De
1053 2337 1190 2374 metris
1217 2336 1393 2387 jambicis
1420 2337 1484 2375 vel
1510 2337 1720 2374 trochaicis
1747 2335 1824 2374 hoc
1849 2338 1939 2374 loco
1960 2336 2208 2387 cogitandum

133 2401 212 2425 non
234 2391 348 2436 esse,
375 2385 494 2425 facile
522 2396 685 2437 apparet
712 2401 759 2424 ex
786 2388 854 2434 iis,
881 2399 980 2438 quae
1008 2387 1138 2423 statim
1165 2394 1405 2437 sequuntur,
1433 2386 1593 2426 verbis:
1631 2388 1670 2430 ἐξ
1696 2379 1748 2425 οὗ
1772 2388 1932 2439 πρῶτος
1960 2384 2107 2445 λαβών
2133 2385 2226 2432 ‘ttic-

135 2433 332 2493 α’φορμᾰς
359 2437 583 2481 Λουκίλιος
611 2433 635 2476 ό
661 2432 874 2488 Ῥωμαῖος
907 2434 1100 2488 ἦρωὶίτοῑς
1134 2436 1275 2476 ἔπεσιν
1313 2431 1558 2490 ἐκωμῴὸησε
1584 2449 1619 2475 κ.
1646 2450 1681 2479 τ,
1707 2436 1769 2483 λ..
1821 2450 1895 2474 nec
1933 2435 2095 2473 dublum
2135 2445 2208 2484 est,

134 2492 225 2540 quin
250 2490 383 2539 Lydus
411 2489 461 2525 de
488 2488 728 2526 hexametris
756 2488 952 2535 dactylicis
979 2487 1177 2536 loquatur.
1231 2489 1417 2525 Reuvens
1445 2500 1533 2536 pag.
1558 2487 1620 2524 81).
1670 2487 1775 2525 Huic
1803 2487 1962 2538 quidem
1989 2487 2206 2527 sententiae

133 2546 279 2575 tantum
306 2538 487 2576 veritatis
518 2537 661 2575 tribuit
690 2536 869 2574 Osannus
897 2549 933 2585 p,
960 2536 1038 2580 75„
1080 2543 1123 2572 ut
1156 2536 1220 2572 vel
1252 2536 1290 2572 in
1328 2536 1648 2574 antecedentibus
1675 2536 1869 2573 scriberet
1894 2532 2155 2588 ’.Ρινθωνική
2181 2532 2208 2587 ἠ

135 2583 394 2640 εἴξαμετρική,
447 2601 566 2639 quum
596 2587 712 2637 vulgo
739 2585 945 2635 legeretur
987 2579 1177 2635 ἐξωτική,
1229 2584 1300 2622 sed
1322 2585 1396 2623 ista
1423 2584 1695 2624 emendatione
1722 2586 1796 2623 etsi
1823 2586 1964 2623 nullam
1991 2588 2207 2626 certiorem

134 2727 256 2763 Verba
277 2724 315 2760 οὗ
336 2726 464 2770 μικρῶν
485 2738 549 2760 cur
569 2725 776 2768 conjecturis
796 2730 925 2758 tentata
947 2725 1015 2758 si'nt
1037 2725 1081 2758 ab
1105 2724 1281 2763 omnibus,
1317 2734 1388 2756 non
1410 2723 1525 2758 video.
1565 2723 1618 2755 De
1647 2729 1721 2757 toto
1742 2724 1825 2769 Lydi
1855 2724 1934 2758 loco
1956 2725 2045 2758 adde
2067 2725 2210 2758 Mfflleri

129 2770 336 2806 sententiam
357 2770 441 2803 Dor.
461 2776 543 2804 tom.
565 2771 609 2802 11.
631 2781 666 2813 p.
690 2771 773 2803 365..
838 2770 881 2810 ³⁴)
902 2768 952 2801 Cs.
973 2769 1117 2804 Luctat..
1132 2766 1177 2800 nd
1197 2766 1295 2801 Statii
1315 2766 1421 2800 Theb.
1446 2766 1519 2805 lv..
1543 2768 1616 2803 147.
1636 2765 1842 2802 Eichstacdt.
1863 2780 1898 2820 p.
1919 2771 1981 2810 45..
1995 2767 2124 2811 Cuperi
2149 2768 2208 2801 ob-

128 2826 221 2847 serv.
245 2825 280 2857 p.
302 2810 346 2848 69
368 2812 576 2854 sq.>Grysa1-.
601 2815 752 2856 pag.,55.
773 2811 1132 2855 Tragicocomocdiam
1155 2810 1176 2845 i.
1199 2821 1230 2845 e.
1253 2809 1574 2865 ltilarotragoediam
1601 2820 1673 2842 non
1700 2810 1838 2844 omnino
1860 2810 2068 2855 incognitam
2106 2810 2206 2844 fuisse

129 2854 313 2893 Romanis,
335 2853 428 2886 dicas
455 2859 598 2896 propter
620 2854 872 2886 similitudinem
893 2853 1129 2885 Atellanarum
1152 2853 1359 2886 fabularum.
1403 2852 1549 2885 casaub.
1571 2851 1615 2884 de
1656 2862 1730 2892 ocs-
1752 2854 1842 2886 satir.
1864 2866 1900 2897 p.
1924 2855 1997 2893 184.
2018 2852 2203 2886 Ramhach.

130 2917 171 2925 -
193 2898 278 2931 Attii
300 2895 507 2940 Amphitryo
528 2896 703 2939 tragoedia
726 2901 816 2934 crat,
860 2895 957 2927 multi
985 2901 1108 2940 poetae
1138 2894 1264 2928 scenici
1294 2894 1380 2927 hanc
1406 2894 1584 2927 materiam
1605 2893 1631 2927 si
1658 2894 1668 2925 i
1690 2895 1900 2927 tractandam
1922 2901 2138 2934 sumserunt,
2172 2902 2204 2927 ct

131 2940 249 2985 tragici
273 2945 306 2971 et
329 2939 460 2971 comit-i.
485 2938 693 2971 nllenvens.
717 2939 847 2970 collect.
872 2949 948 2981 pag.
973 2942 993 2972 6
1015 2950 1068 2982 sq.
1118 2940 1162 2979 θ’)
1185 2939 1283 2970 Hanc
1306 2938 1455 2970 fabulam
1478 2948 1549 2969 non
1571 2936 1702 2970 viderat
1725 2937 1857 2976 Pollux,
1879 2941 1917 2967 ut
1939 2936 2013 2979 ipse
2041 2935 2095 2971 ait.
2118 2938 2209 2970 Mut-
