2468 3070
141 186 335 225 existimat
397 185 508 217 reete
533 185 665 215 tamen
690 187 712 212 a
737 174 886 225 Langio
913 173 1058 213 vindic.
1084 179 1186 222 trag.
1210 172 1325 210 Rom.
1350 184 1390 230 p.
1415 172 1501 218 51„
1536 170 1770 209 assentiente
1796 167 1966 206 Miillero
1990 166 2090 205 Dor.
2117 174 2211 206 tom.

140 238 189 276 11,
215 247 254 285 p.
279 210 368 270 863
396 227 652 265 observatum
678 230 759 271 est,
808 222 1014 261 commode
1040 229 1268 260 extraneum
1293 220 1372 259 dici
1396 232 1515 271 posse
1539 219 1639 256 illud
1669 217 1841 256 comicae
1877 227 2047 266 poeseos
2073 226 2209 273 genns3

195 285 230 321 ia
255 282 296 320 in
313 278 477 319 Graecis
503 274 668 314 theatris
694 272 874 313 exhiberi
900 272 1056 311 solitum
1083 278 1166 319 est,
1196 272 1348 311 Romae
1371 270 1534 322 publice
1559 282 1638 307 non
1662 266 1865 326 edebatur.
1914 266 2003 318 Ego
2023 277 2099 325 ‘qui
2121 262 2209 324 fieri

140 332 339 384 potuerit,¹
370 335 417 365 ut
441 326 677 364 hexametris
702 323 875 362 heroicis
902 322 1127 361 comoedias
1142 333 1243 366 §.aas
1267 320 1443 358 Rhintho
1469 319 1686 366 scriberet,
1712 330 1793 354 non
1817 316 1957 363 video,
1993 328 2069 353 ωσι
2092 314 2209 361 dicas,

142 395 207 421 eas
232 394 310 420 non
336 377 550 416 dramatum
577 375 649 414 sed
676 374 888 413 carminum
913 373 1036 411 instar
1060 370 1205 420 fuisse,
1232 371 1364 422 neque
1391 377 1565 418 cantata,
1593 380 1723 420 neque
1750 367 1904 415 saltata,
1939 365 2086 404 nedum
2110 371 2208 412 acta,

143 439 188 470 ut
213 428 340 469 voluit
365 428 545 477 Cuperus
570 439 610 484 p.
634 426 687 463 75
711 438 791 476 sq.‚
817 422 1030 461 accedente
1054 420 1294 459 Rambachio
1321 421 1371 458 ad
1396 420 1560 465 Casauh.
1586 419 1636 456 de
1661 430 1772 469 poes.
1797 417 1906 457 satir.
1932 429 1973 466 p.
1997 416 2061 454 92.
2114 414 2211 472 KQ.—

180 477 295 521 ωδὶαι
323 476 498 530 quidem,
516 477 550 513 'o
581 487 691 524 inor,
718 480 828 512 erant
852 471 1207 524 hilarotragoediae
1232 472 1417 509 Reuvens
1443 470 1562 521 12:85
1587 482 1660 521 sq„
1696 466 1767 505 sed
1792 478 1869 504 non
1892 465 2065 503 dramata
2091 476 2213 503 omm-

170 544 215 568 us
248 527 421 566 numeris
463 525 558 561 abso
575 532 664 568 uts,·
705 536 780 561 nec
815 530 913 573 puto
955 535 1188 574 quemquam
1222 533 1271 558 ex
1294 521 1461 558 Act-onis
1486 519 1620 559 verbis
1646 518 1696 555 ad
1722 519 1862 558 Horat.
1888 523 1960 574 sat.
1987 516 2031 562 1.,
2057 516 2118 562 10,
2145 515 2207 552 64.

143 578 312 619 «Gracci
337 587 416 612 non
441 573 684 623 scripserunt
709 573 866 612 satiram
903 573 1116 623 integram,
1149 571 1227 608 hoc
1254 577 1314 608 est
1338 570 1503 608 heroico
1531 568 1726 612 carmine,
1769 566 1840 604 sed
1863 571 2102 602 miscuerunt
2127 576 2210 622 eam

141 626 378 670 comoediis»
392 637 478 662 eam
503 624 735 662 sententiam
760 623 863 663 velle
890 622 1098 670 extricare,
1123 629 1170 659 ut
1195 619 1311 669 dicat,
1338 620 1588 658 hexametros
1614 618 1806 656 immistos
1831 615 1955 655 fuisse
1984 614 2209 653 comoedus.

139 681 183 719 Id
208 677 369 729 quidem
393 682 438 712 ut
464 673 645 712 efficeret
672 681 810 712 contra
835 673 1102 711 Reuvensium
1127 684 1217 721 pag.
1232 672 1283 708 81
1301 684 1318 707 s
1349 698 1371 716 .‚
1399 672 1511 708 enixe
1539 668 1739 708 contendit
1761 666 1942 705 Osannus
1967 665 2210 723 1›a·g.72sq.²

138 727 380 780 parodorum
404 735 498 761 usus
526 723 728 774 exemplis,
757 722 827 760 sed
852 722 947 759 mihi
972 734 1167 773 nunquam
1193 732 1336 770 persua
1366 720 1468 768 ebit‚
1498 720 1593 771 quid
1622 718 1726 757 enim
1753 718 1856 767 epici
1881 714 2034 767 parodn,
2061 723 2210 772 etiamsi

138 790 213 828 pro
242 774 411 814 carmine
437 772 643 824 aliquando
671 773 710 809 in
736 772 901 809 theatris
926 771 1083 809 recitati
1114 777 1223 816 sunt,
1264 769 1314 807 ad
1347 777 1520 807 nostram
1544 781 1630 806 rem
1654 766 1886 818 pertinent?
1932 765 2113 802 Correxit
2139 764 2211 802 So-

139 824 324 877 patri·.³⁶)
352 817 682 875 φλυακογράφου
715 820 978 873 fragmentum
1016 820 1120 871 'apud
1154 819 1297 857 Athen.
1326 820 1429 859 xlv.
1454 832 1494 869 p.
1519 820 1612 858 656.
1638 817 1666 858 f.
1692 819 1732 854 in
1758 829 1848 854 eum
1889 814 2050 852 modum
2078 813 2209 871 Osan-

140 889 225 924 nus,
251 882 295 912 ut
321 874 591 912 hexametrum
618 872 857 918 conficeret,
883 870 954 908 sed
979 870 1074 907 nihil
1099 869 1205 908 aliud
1232 868 1395 907 concedi
1420 875 1575 919 potest,
1604 880 1720 919 quam
1744 879 1822 904 uno
1850 865 2028 918 alterove
2053 863 2142 901 loco
2169 876 2207 899 in

140 925 200 962 his
238 924 378 962 fabulis
415 923 588 974 positum
627 934 715 959 esse
754 920 1044 967 hexametrum,
1095 928 1140 958 ut
1179 919 1415 956 sublimitate
1448 919 1572 955 :risum
1607 918 1833 954 concitaret.
1863 914 1913 953 cf.
1939 913 2093 953 Miiller.
2121 913 2147 952 l.
2173 925 2206 950 c.

138 977 268 1012 Pauca
294 987 393 1026 quae
421 980 628 1010 servantur
651 970 887 1009 Rhinthonis
913 970 1134 1021 fragmenta
1158 969 1328 1021 jambico
1360 976 1489 1007 metro
1518 968 1745 1018 conscripta
1779 972 1881 1006 sunt.
1934 962 2066 1002 Habes
2103 974 2212 1001 sena-

141 1026 243 1062 rium
269 1025 373 1075 apud
400 1024 578 1064 Ciceron.
605 1022 654 1060 ad
680 1022 801 1058 Attio.
830 1025 871 1068 l.‚
897 1023 960 1059 2⁰.
988 1020 1058 1057 ubi
1084 1020 1177 1059 vide
1203 1022 1328 1070 intpp.

632 1085 669 1122 οἶ
686 1086 751 1129 μέν
772 1084 853 1128 παρ’
876 1084 973 1120 οὐδέν
993 1083 1092 1127 εἶσιν,
1127 1081 1187 1121 οἷς
1231 1084 1358 1120 δὀὔδὶν
1378 1085 1472 1128 μέλει

139 1149 213 1185 rite
242 1145 479 1192 coniectum,
505 1145 573 1194 qui
597 1152 727 1181 tamen
754 1157 799 1179 an
827 1142 1062 1180 Rhinthonis
1088 1141 1224 1190 fuerit,
1250 1156 1330 1180 non
1359 1149 1420 1179 est
1446 1141 1706 1179 certissimum
1734 1139 1786 1177 ob
1806 1140 2009 1178 Ciceronis
2037 1138 2210 1176 dubitan-

139 1207 201 1234 ter
228 1194 416 1233 laudantis
444 1195 584 1232 verba:
629 1200 674 1229 ut
700 1194 753 1229 ait
778 1192 1001 1240 Rhinthon,
1035 1200 1079 1230 ut
1103 1205 1128 1230 o
1160 1193 1261 1231 inor.
1308 1192 1579 1242 Reperiuntur
1614 1190 1754 1228 senarii
1792 1190 1858 1227 alii
1890 1190 1998 1240 iique
2032 1188 2127 1226 boni
2162 1192 2209 1225 ex

140 1247 345 1294 Meleagro
380 1243 483 1294 apud
510 1242 723 1282 Herodian.
752 1256 792 1292 p.
825 1244 884 1281 19.
913 1243 978 1280 27.
1006 1243 1068 1281 3⁰.
1099 1255 1120 1279 e
1177 1241 1394 1290 Dipdo1·f.,'
1418 1242 1561 1278 misere
1590 1247 1720 1277 autem
1748 1240 1928 1290 corrupti
1955 1245 2048 1276 sunt
2073 1250 2209 1277 versus

142 1309 187 1332 ex
215 1293 451 1332 Rhinthonis
478 1292 655 1330 Hercule
682 1292 787 1342 apud
813 1292 957 1329 Athen.
984 1293 1050 1329 xl.
1078 1306 1117 1341 p.
1145 1293 1233 1329 50⁰.
1260 1290 1287 1328 s.

629 1355 692 1391 Ἐν
714 1355 860 1398 &otiandi
882 1370 920 1390 τε
941 1354 1099 1399 καθαρόν
1122 1354 1268 1399 ἐλατῆρα

556 1407 721 1453 καθαρῶν
742 1407 773 1443 τ’
796 1407 933 1452 &infirme
952 1407 1124 1450 κάλφίτων
1145 1406 1364 1452 ἆπεῤῥῦφειε.

141 1482 212 1507 nec
248 1468 395 1506 sanavit
430 1479 498 1504 eos
526 1466 704 1504 Osannus
742 1480 782 1517 p.
808 1468 871 1506 71..
900 1464 1109 1503 scribendo
1154 1460 1393 1518 ἒλατ’ριον,
1443 1472 1711 1516 exspectamus
1750 1464 2033 1502 accuratiorem
2070 1465 2207 1514 optimi

142 1519 286 1558 codicis
313 1519 360 1557 A.
391 1518 660 1563 collationem,
702 1530 817 1568 quam
844 1516 1045 1567 pollicitus
1080 1524 1142 1555 est
1167 1518 1247 1554 Din
1276 1517 1415 1555 orfius:
1463 1518 1649 1554 Ceterum
1684 1515 1768 1565 ipse
1794 1514 1970 1552 Rhintho
1996 1526 2075 1552 non
2101 1526 2209 1552 seve-

97 1614 102 1618 .
140 1572 290 1607 riorum
315 1568 431 1605 metri
456 1568 589 1617 legum
615 1566 822 1603 admodum
851 1566 1031 1603 curiosus
1059 1576 1166 1615 erat,
1193 1567 1300 1619 quod
1326 1568 1412 1618 ipse
1438 1579 1512 1624 per
1537 1566 1669 1615 jocum
1696 1565 1871 1602 enuntiat
1897 1565 1936 1601 in
1961 1577 2081 1603 versu
2106 1564 2207 1623 apud

139 1619 473 1664 Hephaestionem
500 1629 587 1667 pag.
613 1618 650 1653 9.
677 1616 799 1655 Gaisf.
828 1623 936 1666 (pag.
966 1617 1001 1653 4.
1029 1617 1204 1666 Pauw.)‚
1247 1617 1316 1654 ubi
1350 1623 1443 1667 post
1482 1614 1653 1666 jambum
1680 1614 1753 1664 (ὥς
1780 1628 1827 1653 σε
1852 1609 2057 1659 Διόνυσος
2083 1611 2204 1657 αὐτος

140 1666 264 1718 ἐξώλη
293 1670 424 1717 θείη),
455 1665 567 1715 cujus
598 1665 719 1702 thesis
747 1665 882 1701 ultima
907 1665 1025 1703 modo
1053 1666 1209 1704 insolita
1234 1666 1394 1703 licentia
1422 1665 1569 1715 corripi
1594 1672 1749 1715 potest,
1776 1666 1833 1703 sic
1856 1665 2008 1716 pergit:
2116 1671 2118 1674 '

321 1737 326 1751 '
632 1728 693 1762 ἴθ’
716 1728 949 1764 Ἱππώνακτος
971 1732 1010 1771 ³⁷)
1038 1729 1078 1764 τό
1100 1734 1237 1777 μέτρον,
1260 1729 1357 1765 οὐδέν
1377 1744 1439 1773 μοι
1458 1730 1566 1774 μέλει.

141 1803 185 1828 ac
214 1788 397 1840 profecto
425 1789 510 1836 ipsa
535 1798 720 1824 versuum
749 1786 984 1837 negligentia
1010 1787 1242 1839 quibusdam
1258 1789 1298 1825 in
1324 1788 1422 1825 locis
1444 1788 1523 1827 vim
1535 1787 1720 1825 comicam
1732 1800 1878 1837 augere
1891 1794 2061 1838 poterat.
2086 1788 2122 1824 E
2151 1788 2209 1823 ui·

143 1841 232 1877 dem
260 1838 400 1885 credo,
444 1836 560 1874 etiam
585 1836 658 1873 alia
683 1843 809 1873 metra
834 1835 1019 1885 jambica,
1045 1837 1267 1885 trochaica,
1308 1837 1552 1887 anapaestica
1578 1844 1655 1878 cet.
1684 1852 1704 1874 a
1731 1837 1960 1875 Rhinthone
1987 1849 2073 1875 esse
2100 1851 2121 1874 a
2149 1836 2208 1873 hi-

141 1891 239 1938 bita,
275 1895 320 1925 ut
345 1900 482 1926 verum
510 1886 573 1935 sit,
608 1885 717 1937 quod
742 1886 795 1923 ait
823 1885 1003 1923 Osannus
1030 1886 1104 1923 sibi
1133 1887 1218 1937 ipse
1244 1887 1471 1925 adversatus
1497 1901 1536 1938 p.
1560 1887 1646 1933 71„
1673 1895 1833 1926 metro
1861 1886 2096 1924 Rhinthonis
2121 1886 2209 1924 dra-

141 1948 243 1977 mata
268 1952 345 1975 non
373 1938 612 1987 discrepasse
640 1951 661 1973 a
688 1936 845 1986 vulgata
869 1936 1074 1987 tragoedia
1101 1943 1142 1973 et
1171 1937 1385 1975 comoedia.
1438 1937 1670 2024 {uibus-de
1697 1946 1823 1975 metro
1853 1937 2043 1987 expositis
2071 1949 2206 1987 super·

143 1997 214 2036 est,
241 1996 284 2026 ut
311 1995 483 2024 erratum
511 1999 596 2024 esse
624 2000 645 2023 a
662 1985 771 2035 Lydo
798 1998 1033 2035 moneamus,
1090 1986 1129 2023 ui
1146 1986 1368 2024 'destitutus
1394 2000 1416 2024 a
1470 2000 1543 2025 uce
1571 1990 1643 2025 suo
1669 1989 1825 2024 Donato
1853 1995 1969 2038 atque
1994 1986 2206 2023 hariolatus

141 2039 240 2075 male
268 2036 495 2075 confuderit
519 2038 732 2074 Romanam
757 2036 913 2073 satiram
938 2048 1026 2074 cum
1093 2044 1238 2074 ramate
1265 2037 1430 2086 satyrico
1459 2051 1481 2074 a
1507 2036 1636 2073 fabula
1661 2036 1922 2074 Rhinthonica
1947 2049 2027 2074 non
2051 2036 2204 2074 omnino

142 2088 292 2134 alieno,
337 2086 503 2124 aliorum
530 2085 698 2123 fortasse
725 2085 914 2135 deceptus
950 2085 1144 2136 exemplo.
1171 2099 1209 2125 v.
1234 2087 1418 2123 Reuvens
1445 2099 1495 2136 pa
1527 2117 1533 2123 .
1559 2087 1610 2123 82
1636 2099 1694 2137 sq.
1745 2087 1888 2123 Miiller
1912 2086 1938 2123 l.
1965 2098 2022 2132 c.‚
2065 2086 2204 2123 nullam

142 2137 245 2174 enim
271 2149 356 2223 rgm
383 2148 468 2222 elsse
495 2143 649 2174 saturae
681 2138 879 2174 Romanae
911 2148 1000 2174 cum
1034 2136 1201 2186 satyrico
1229 2136 1473 2175 Graecorum
1526 2143 1692 2188 ramate5
1737 2135 1917 2174 omuibus
1942 2135 2087 2174 dudum
2113 2149 2207 2185 pro·

140 2187 247 2224 bavit
307 2199 395 2222 asau
425 2198 536 2227 nnus.
1636 2217 1641 2222 .

140 2316 232 2348 lerus
253 2326 290 2358 p.
310 2314 384 2348 365.
405 2313 498 2358 apud
519 2313 668 2358 Hesych.
693 2324 720 2348 s,
741 2325 774 2347 v.
796 2311 935 2347 ἄθικτος
960 2311 1130 2355 φιλοσόφῳ
1158 2319 1266 2346 mutat
1288 2314 1324 2346 in
1348 2314 1505 2356 Τηλέφῳ,
1544 2323 1668 2346 vercor
1689 2324 1733 2345 ne
1757 2324 1828 2346 non
1848 2320 1952 2346 recte.
2019 2315 2063 2354 ³⁶)
2084 2314 2207 2347 Jambi-

143 2368 219 2390 cum
244 2361 423 2399 praeterea
453 2361 503 2389 est
524 2356 660 2400 Sopatri
681 2357 909 2400 fragmentum
931 2356 1023 2399 apud
1045 2356 1171 2390 Athen.
1193 2357 1252 2388 111.
1273 2367 1309 2400 p.
1329 2358 1383 2391 86.
1405 2368 1446 2398 a„
1468 2357 1550 2388 item
1572 2355 1687 2389 Scirac
1710 2357 1769 2390 lx,
1791 2368 1827 2400 p·
1847 2359 1922 2398 402.
1943 2357 1980 2391 b.
2021 2357 2071 2389 De
2093 2357 2206 2389 Blaesi

140 2400 217 2431 loco
240 2398 299 2432 XI.
321 2409 355 2441 p.
380 2398 456 2433 482.
479 2406 512 2432 c.
533 2410 605 2431 non
627 2399 747 2443 liquet.
790 2397 995 2430 Rhinthonis
1023 2397 1294 2441 fragmentorum
1313 2399 1547 2431 collectionem
1570 2409 1772 2442 paucorum,
1808 2409 1897 2443 quae
1929 2402 2081 2439 exstant,
2124 2399 2203 2431 olim

141 2442 194 2474 vir
218 2441 337 2473 doctus
358 2440 513 2491 promisit
535 2441 663 2485 Grysar
691 2441 734 2474 de
755 2441 916 2473 Doriens.
937 2440 1089 2473 comoed.
1110 2445 1194 2474 tom.
1215 2441 1243 2474 1.
1264 2442 1375 2484 praef.
1397 2453 1478 2485 pag.
1501 2441 1561 2475 xl.
1627 2442 1667 2481 3Ἰ)
1690 2441 1839 2473 Metrum
1859 2441 2136 2486 Hipponacteum
2158 2447 2205 2473 est

143 2483 306 2525 jainhicus
334 2488 489 2515 trimeter
510 2483 672 2522 claudus,
709 2483 751 2517 de
781 2495 851 2528 quo
873 2482 930 2515 adi
952 2482 1142 2517 Hermann.
1164 2483 1321 2518 clement.
1347 2483 1455 2517 doctr.
1477 2489 1576 2518 metr.
1596 2495 1629 2528 p.
1655 2485 1717 2519 142
1738 2495 1789 2528 sq.
1830 2483 1925 2527 Idem
1948 2493 2067 2516 versus
2089 2489 2206 2515 noster

142 2526 307 2557 excitatur
328 2525 363 2557 in
385 2525 559 2557 anecdotis
580 2526 727 2558 Bekkeri
750 2525 898 2558 tom.lIl.
919 2527 1058 2568 p.¹176.
1080 2525 1152 2557 sine
1174 2526 1304 2569 syllaba
1325 2523 1387 2559 ἴθ’
1409 2526 1456 2558 ob
1478 2538 1530 2558 κτ.
1553 2523 1617 2566 τήν
1637 2524 1755 2567 κοινήν
1777 2523 1943 2568 συλλαβήν
1965 2523 2203 2559 ἀποτελοῦντα.

143 2568 185 2598 cs.
207 2567 372 2601 Schaefer
398 2567 439 2599 ad
468 2568 618 2611 Gregor.
640 2567 796 2601 Corinth.
816 2579 852 2611 p.
872 2571 947 2603 873,
968 2566 1071 2610 Apud
1094 2567 1328 2600 Herodianum
1350 2568 1386 2599 in
1407 2568 1523 2600 codice
1545 2567 1639 2602 Leid.
1664 2579 1724 2601 ms.
1745 2569 1790 2600 ob
1812 2580 1866 2601 ατ.
1888 2568 2048 2601 laudatur
2069 2577 2204 2600 versus:

143 2607 376 2644 Ἱππώνακτος
398 2607 437 2643 vd
458 2613 603 2651 μέτρον,
626 2608 722 2644 odd&
740 2623 803 2652 μοι
823 2612 928 2653 μέγα,
966 2609 1025 2642 uhi
1047 2608 1141 2651 μέλει
1162 2610 1319 2655 reposuit
1339 2610 1557 2644 Valckenaer
1585 2610 1629 2643 ad
1646 2611 1765 2653 Eurip.
1785 2610 1963 2646 Phoeniss.
2010 2634 2020 2645 .
2041 2612 2113 2655 509.
2139 2610 2206 2642 He-

144 2650 376 2695 phaestionem
397 2658 550 2690 secutus,
573 2658 606 2683 et
629 2650 723 2693 παρὰ
750 2656 909 2694 Τυρίνθᾳ
930 2658 1023 2684 recte
1044 2652 1187 2684 mutavit
1216 2653 1252 2684 in
1286 2651 1379 2694 παριὶ
1412 2650 1460 2694 τῷ
1487 2652 1664 2687 “Ρι’νθωνι.
1688 2670 1728 2677 —-
1755 2652 1847 2684 Male
1868 2623 2040 2686 Herale
2061 2651 2204 2684 Arnobii

144 2691 249 2724 verba
271 2694 348 2729 adv.
372 2699 464 2739 gent.
486 2694 542 2733 V„
564 2696 638 2729 21.:
681 2700 754 2736 tum
775 2694 872 2727 illum
891 2693 1070 2727 citabimus
1096 2694 1316 2727 Tarentinum
1337 2700 1526 2740 notumque
1548 2694 1734 2734 senarium,
1777 2704 1881 2739 quem
1902 2694 2084 2739 antiquitas
2116 2693 2207 2727 canit

143 2734 281 2768 dicens}
297 2741 452 2770 taurus
475 2736 702 2770 draconem
727 2737 881 2781 genuit
903 2743 944 2770 et
965 2743 1136 2769 taurum
1159 2737 1291 2771 draco
1314 2738 1471 2781 explicat,
1493 2738 1574 2770 dum
1590 2749 1707 2771 versus
1728 2743 1904 2771 auctorem
1924 2744 2023 2782 putat
2043 2737 2208 2771 Rhintho-

143 2786 231 2809 nem.
262 2776 400 2810 Rectius
422 2779 479 2811 alii
500 2778 777 2810 Tarentinum
798 2785 973 2811 mutarunt
994 2779 1030 2810 in
1052 2779 1214 2812 tritum.
1235 2780 1279 2813 cf.
1300 2780 1412 2831 intpp.
1425 2797 1462 2804 —
1489 2780 1630 2811 Praeter
1652 2780 1845 2824 fragmenta
1864 2781 2019 2818 metrica,
2040 2790 2060 2812 e
2081 2780 2208 2824 quibus

142 2818 344 2852 Rhinthonis
371 2819 546 2865 ingenium
568 2821 699 2854 censeri
720 2821 857 2866 nequit,
883 2827 1053 2855 servatum
1076 2827 1126 2855 est
1148 2821 1221 2863 ejus
1243 2820 1419 2856 dicterium
1442 2821 1533 2866 apud
1556 2823 1707 2857 Van-ron.
1729 2822 1773 2855 de
1794 2832 1834 2855 re
1855 2828 1942 2858 rust.
1964 2822 2040 2862 111..
2060 2823 2112 2857 &t
2146 2832 2207 2855 sua

142 2861 224 2894 nihil
246 2862 420 2901 interesse,
441 2870 556 2896 utrum
577 2864 725 2908 piscibus
747 2864 922 2903 (nimirum
943 2864 1047 2896 scaris
1061 2874 1101 2896 ac
1117 2864 1317 2908 mugilibus)
1338 2871 1496 2909 stagnum
1517 2865 1643 2897 habeat
1663 2865 1806 2909 plenum
1828 2876 1872 2898 an
1892 2865 1994 2900 ranis.
2016 2864 2205 2899 Columella

135 2902 241 2944 VIII..
266 2901 319 2938 16.
344 2909 466 2949 poetae
489 2906 660 2939 lasciviam
691 2905 939 2952 significaturus
966 2906 1031 2940 ait:
1073 2905 1189 2940 nullus
1217 2912 1268 2941 est
1292 2906 1358 2941 hoc
1379 2907 1518 2941 saeculo
1540 2907 1669 2942 nebulo
1691 2918 1730 2941 ae
1755 2907 1907 2943 Rhintho
1931 2912 1998 2944 cet.
2038 2906 2206 2940 Videmus
