2468 3070
232 310 412 384 Accipe
438 332 597 371 erudite
624 331 775 381 lector,
812 332 905 371 satis
939 331 1058 383 longo
1090 337 1273 384 tempore
1310 330 1604 383 praeterlapso,
1647 331 1945 369 Tarentinarum
1971 330 2287 384 disquisitionum

230 392 431 443 specimen
456 391 640 438 tertium,
681 403 760 442 quo
794 399 887 442 post
912 391 1083 442 origines
1108 399 1151 429 et
1174 404 1241 429 res
1267 391 1403 430 civiles
1428 391 1711 429 illustrissimae
1735 390 1846 428 urbis
1870 403 1979 430 sacra
2003 399 2047 430 et
2070 400 2177 431 artes
2199 391 2286 432 ffl-

228 450 383 503 gentius
409 450 685 488 examinantur.
733 450 820 488 Jam
844 450 948 488 enim
971 449 1169 489 scribendi
1193 451 1309 502 copia
1333 449 1456 499 facta,
1482 463 1603 502 quum
1628 449 1731 500 regii
1754 450 1943 499 gymnasii
1978 450 2184 489 Cliviensis
2220 463 2286 489 an-

226 509 377 547 nalibus
401 509 613 559 disputatio
639 509 811 547 addenda
835 517 959 557 esset,
1000 510 1094 548 dum
1119 523 1196 561 ego
1231 510 1396 548 schedas
1422 523 1527 548 meas
1555 509 1736 557 excutio,
1779 507 2042 560 iniquioribus
2066 509 2174 561 justo
2200 510 2285 549 cir-

228 568 487 619 cumscriptus
513 568 736 606 chartarum
759 568 961 619 angustiis,
985 570 1053 608 vix
1077 568 1184 608 aliud
1208 569 1355 617 inveni,
1381 567 1491 621 quod
1514 568 1641 606 minus
1668 567 1884 606 excederet
1908 566 2033 604 libelli
2059 568 2284 608 scholastici

228 628 458 679 propositos
482 626 580 664 fines
606 640 721 678 quam
751 627 851 665 hanc
882 627 932 664 de
964 628 1037 666 reb
1161 628 1238 666 cris
1276 635 1318 665 et
1341 627 1490 664 artibus
1516 626 1821 664 Tarentinorum
1845 626 2117 675 scriptionem.
2158 628 2284 666 Simul

229 686 319 725 fore
344 685 561 736 sperabam,
585 694 630 724 ut
654 685 901 737 gratificarer
923 687 1040 737 pauci
1191 686 1267 724 illis
1291 685 1481 723 historiae
1498 685 1674 724 Graecae
1697 684 1897 733 studiosis,
1922 685 1992 736 qui
2015 685 2164 737 veih-t
2189 698 2282 726 con·

230 746 371 784 tinuari
396 759 419 783 a
442 758 518 794 me,
543 757 643 798 quae
669 752 760 783 ante
783 745 857 783 hos
882 752 1071 796 quattuor
1096 756 1214 782 annos
1238 745 1279 781 in
1304 743 1578 795 disquisitione
1592 744 1642 782 de
1667 746 1827 784 civitate
1839 744 2050 781 Tarentina
2063 745 2283 790 (annalibus

229 805 385 845 scholae
411 806 616 845 Portensis
641 806 807 849 inserta)
833 804 1014 852 exhibui,
1050 803 1158 855 quod
1183 803 1217 841 si
1245 803 1378 854 paullo
1403 803 1519 841 latius
1545 804 1754 854 exspatiari
1779 815 2013 842 concessum
2037 801 2200 854 fuisset,
2236 805 2282 843 li·

227 865 453 904 bentissime
480 865 762 915 subjunxissem
786 863 976 915 quaedam
1001 862 1051 901 de
1074 862 1171 903 viris
1196 863 1417 901 Tarentinis
1444 862 1623 901 ‹locu-ina
1648 863 1762 901 claris
1787 870 1829 901 et
1853 862 1904 900 de
1928 861 2068 914 populi
2082 864 2282 902 Tarentini

228 925 394 972 dialecto
421 923 662 976 conquisita,
707 935 827 975 quae,
872 930 918 960 ut
941 935 1046 961 nunc
1071 935 1137 961 res
1163 934 1250 961 sese
1275 923 1415 980 habet,
1451 923 1491 959 in
1524 922 1702 960 futurum
1736 930 1894 974 tempus
1919 922 2156 960 reservanda
2180 930 2280 964 sunt.

227 986 372 1036 Utique
396 984 492 1022 mihi
516 983 670 1021 accidet
695 983 974 1034 gratissimum,
998 983 1034 1020 si
1057 983 1163 1020 forte
1188 982 1366 1034 quando,
1390 983 1536 1020 iterum
1560 982 1762 1020 scribendi
1787 982 1995 1020 occasione
2022 982 2176 1031 oblata,
2202 995 2280 1021 non

226 1045 324 1083 haec
350 1044 477 1082 solum
503 1042 574 1080 sed
599 1042 719 1079 etiam
749 1041 946 1080 bellorum
972 1042 1310 1094 gravissimorum,
1345 1054 1447 1093 quae
1473 1050 1677 1093 gesserunt
1703 1042 1928 1090 Tarentini,
1969 1041 2195 1080 uberiorem
2217 1054 2280 1081 re-

228 1103 452 1141 censionem
477 1102 624 1138 dudum
649 1114 670 1138 a
695 1113 759 1138 me
783 1095 999 1140 institutam
1023 1101 1137 1152 prelo
1163 1101 1335 1139 subdere
1358 1108 1543 1150 potuero.
1589 1103 1651 1138 Tu
1677 1102 1766 1139 vale
1790 1101 1986 1140 benevole
2011 1102 2139 1140 lector
2164 1109 2279 1152 atque

227 1163 286 1200 his
312 1158 646 1213 qualibuscunque
672 1167 800 1203 utere,
2189 1164 2197 1168 “

819 1291 1026 1355 Liber*
1052 1293 1150 1355 >de
1191 1294 1392 1355 rebus
1434 1294 1662 1357 sacriS.

709 1420 912 1469 Deorum
941 1422 1156 1469 solemnia
1184 1428 1233 1468 et
1262 1422 1367 1470 anni
1396 1420 1631 1469 ordinandi
1660 1420 1786 1466 ratio.

226 1483 379 1555 Quam
402 1515 544 1565 populi
568 1516 770 1552 Tarentini
793 1516 967 1554 indolem
990 1517 1169 1555 moribus
1195 1518 1282 1568 ejus
1306 1525 1425 1568 atque
1450 1516 1641 1554 institutis
1682 1516 1793 1566 quasi
1826 1515 2055 1565 impressam
2096 1516 2281 1564 cognovi-

226 1577 324 1612 muS,
349 1565 542 1614 pessimae
567 1564 742 1602 luxuriae
768 1564 857 1616 dico
884 1574 1035 1615 notam,
1116 1566 1158 1605 id
1182 1570 1326 1605 mirum
1352 1573 1425 1614 est,
1451 1565 1615 1604 eandem
1639 1564 1680 1602 in
1704 1564 1825 1603 rebus
1852 1565 1974 1603 sacris
2000 1563 2186 1614 conspici,
2213 1576 2281 1614 op-

226 1614 331 1650 timis
356 1613 504 1664 quippe
530 1614 676 1663 ingenii
698 1614 855 1651 humani
879 1580 1114 1656 indicibus&¹
1125 1617 1289 1654 Publica
1305 1616 1487 1655 convivia
1505 1613 1731 1653 sacrificatis
1750 1614 1879 1653 bobus
1904 1626 1984 1652 uuo
2010 1625 2171 1670 quoque
2195 1612 2282 1649 fere

222 1674 360 1720 mense
385 1661 490 1712 apud
515 1663 749 1700 Tarentinos
776 1662 974 1701 celebrata
992 1676 1106 1713 esse,
1143 1665 1220 1702 alio
1246 1665 1337 1704 loco
1363 1676 1412 1702 ex
1437 1664 1639 1701 Athenaeo
1661 1664 1731 1703 IV.
1759 1676 1803 1722 p,
1828 1665 1919 1721 1⁰⁶:
1945 1658 2205 1721 fl.¹'‘?t¹¹¹¹¹¹¹.¹¹⁸
2228 1663 2283 1719 J),

229 1710 1338 1812 fflsffiffiq212⁰³1u33233213231813t²33a13c320¹322:²ss3
1347 1712 1649 1812 5555203‘322‘
1661 1713 2287 1811 ssffissffirzztffi‘ffiffissz

231 1823 349 1848 annus
382 1808 531 1846 habet?
569 1773 701 1864 v(guod
727 1811 802 1848 etsi
825 1809 956 1849 facete
982 1813 1105 1862 magis
1131 1824 1369 1863 quam2vere
1395 1825 1417 1850 a
1441 1812 1637 1862 scriptore
1663 1811 1811 1849 dictum
1837 1822 1924 1848 esse
1948 1821 2065 1847 nemo
2092 1821 2172 1846 non
2196 1820 2280 1845 sen-

228 1860 302 1906 tit,
344 1858 524 1895 nolumus
562 1865 713 1907 tamen,
759 1871 849 1897 cum
884 1860 1020 1898 eadem
1044 1861 1167 1910 verba
1191 1860 1394 1900 Strabonis
1431 1874 1454 1899 e
1484 1862 1605 1899 itome
1631 1867 1727 1898 tom.
1756 1862 1805 1901 11.
1835 1872 1921 1911 pag.
1948 1860 2011 1897 77.
2039 1858 2217 1896 Hudson.
2242 1865 2283 1895 et

230 1907 458 1946 Eustathius
484 1907 534 1944 ad
557 1907 717 1967 Dion'ys.
743 1908 899 1969 Perieg.
926 1910 1015 1950 876.
1041 1910 1301 1957 retinuerint,
1352 1875 1738 1962 quosdam'auctoris
1764 1910 1922 1947 codices
1947 1908 2083 1958 sequi.
2134 1908 2202 1958 qui
2227 1906 2281 1943 ita

231 1956 443 1996 exhibent:
479 1952 508 2006 ἢ
533 1953 611 1999 τοῖς
635 1955 765 2000 αλλας
788 1955 946 2008 ἡμερας
969 1952 1203 2010 ἐργατικοῖς,
1228 1967 1275 1998 ut
1299 1958 1424 1997 fuerit
1449 1959 1662 2006 sententia,
1694 1958 1876 1996 habuisse
1903 1957 2135 1994 Tarentinos
2160 1954 2282 1992 ferias

228 2017 392 2055 numero
418 2005 554 2055 plures
580 2018 696 2056 quam
721 2006 804 2044 dies
829 2007 1041 2058 profestos,
1066 2011 1107 2045 in
1132 2021 1247 2060 quam
1271 2015 1426 2060 partem
1453 2010 1573 2046 cessit
1585 2009 1760 2058 Heynius
1777 2019 1914 2058 opusc,
1932 2014 2028 2044 tom.
2044 2007 2093 2044 11.
2152 2034 2162 2042 .
2191 2005 2279 2041 m

228 2054 346 2096 Haud
370 2054 559 2092 absimilia
591 2054 753 2093 tradidit
779 2056 828 2093 de
855 2057 1152 2096 Atheniensium
1178 2057 1413 2097 solemnibus
1439 2057 1664 2108 Xenophon
1698 2058 1749 2096 de
1773 2056 1929 2108 republ.
1956 2054 2097 2097 Athen.
2119 2017 2220 2101 {⁷11⁶
2242 2053 2281 2111 9,

228 2112 357 2164 'neque
383 2104 482 2142 adeo
508 2105 630 2141 mirus
657 2113 717 2143 est
742 2105 783 2142 in
807 2106 906 2144 urhe
932 2107 1070 2145 incolis
1098 2107 1416 2160 frequentissima
1440 2107 1601 2157 insignis
1620 2108 1853 2145 solemnium
1871 2116 2070 2143 numerus.
2096 2102 2281 2161 Quamvxs

230 2155 333 2194 enim
353 2153 581 2192 Eustathius
605 2153 678 2194 l.c.
704 2163 872 2206 propter
896 2155 1019 2195 solam
1044 2157 1234 2195 luxuriam
1257 2165 1300 2195 et
1324 2156 1545 2195 socordiam
1571 2156 1784 2194 contendat
1806 2161 2021 2206 perpetuas
2047 2152 2281 2192 festivitates

229 2204 407 2242 inventas
433 2215 520 2240 esse
545 2217 567 2241 a
581 2205 815 2251 Tarentinis,
841 2206 902 2243 uti
926 2207 1184 2256 proverbium
1209 2215 1291 2247 este
1330 2202 1469 2260 α’ργοῖς
1495 2206 1584 2246 αἰὲν
1609 2200 1745 2258 ἑορτή,
1771 2204 1946 2242 dubitari
1970 2211 2102 2242 tamen
2128 2201 2281 2252 nequit,

230 2253 323 2305 quin
347 2252 570 2300 nonnullae,
610 2260 656 2289 ut
679 2255 916 2304 peregrinos
940 2256 1118 2294 homines
1146 2259 1360 2294 Tarentum
1384 2257 1599 2302 allicerent,
1624 2262 1868 2293 mercaturae
1894 2251 2132 2303 adjuvandae
2159 2251 2282 2301 gratia

188 2341 192 2344 ,
230 2302 389 2353 publice
413 2301 712 2340 decretae-sint.
741 2302 793 2340 cf.
811 2312 894 2345 not.
912 2305 962 2342 ad
973 2306 1114 2356 Aquin.
1131 2304 1247 2344 delic.
1266 2307 1424 2346 Tarent.
1440 2318 1489 2356 pa
1517 2332 1529 2345 .
1544 2306 1596 2343 78
1613 2318 1684 2356 sq.,
1709 2316 1758 2342 ne
1784 2302 1881 2340 illud
1908 2304 2025 2340 etiam
2048 2310 2281 2346 memorem,

229 2365 305 2390 non
330 2363 483 2389 omnem
508 2351 613 2388 diem
637 2350 781 2390 festum
807 2352 855 2390 ab
880 2354 1062 2393 universa
1087 2354 1268 2403 civitate,
1292 2355 1365 2394 sed
1390 2367 1489 2407 quos
1517 2367 1578 2393 am
1603 2368 1626 2392 a
1650 2354 1710 2392 sin
1777 2353 1811 2390 is
1835 2350 2016 2403 gentibus
2041 2351 2076 2396 2)
2102 2347 2281 2387 celebra-

229 2408 292 2438 tos
319 2412 417 2439 esse.
468 2400 590 2438 Pellit
613 2413 677 2439 me
703 2403 745 2438 in
771 2404 1003 2450 sententiam
1027 2416 1153 2442 meam
1177 2404 1231 2451 id,
1268 2404 1374 2456 quod
1397 2405 1543 2455 partim
1577 2403 1628 2441 de
1654 2404 1706 2453 Sy
1734 2402 1865 2449 eritis,
1888 2400 2032 2451 partim
2058 2399 2107 2435 de
2131 2398 2281 2435 Croto-

229 2449 428 2488 niensihus
453 2450 559 2500 apud
584 2458 773 2488 auctores·
793 2453 962 2502 (scymn-
978 2454 1055 2491 849
1073 2466 1091 2490 s
1120 2480 1132 2491 .
1151 2453 1294 2491 Athen.
1305 2456 1387 2494 ΧΠ.
1405 2467 1445 2504 p.
1458 2455 1547 2497 522,
1572 2452 1623 2491 'css
1650 2454 1807 2503 Ignarra
1831 2450 1881 2488 de
1935 2449 2091 2487 alsestr.
2117 2446 2281 2497 Neapol.

231 2512 319 2552 pag.
345 2500 407 2539 43.
434 2501 559 2549 Heyn.
587 2513 725 2551 opusc.
748 2507 845 2540 tomx
869 2504 915 2545 11,
938 2515 1027 2554 pag.
1052 2503 1075 2541 1
1138 2507 1158 2549 )
1183 2502 1385 2554 proditum
1412 2510 1485 2552 est,
1508 2502 1681 2543 voluisse
1707 2514 1774 2541 eos
1797 2500 1876 2538 suis
1921 2495 2179 2537 estivitstibus
2203 2496 2283 2534 sol·

230 2562 327 2589 vere
357 2549 579 2601 Olympias
608 2558 653 2588 ut
679 2551 889 2591 Crotonem
923 2560 965 2591 et
998 2552 1165 2603 Sybarin
1198 2566 1279 2592 non
1313 2553 1533 2605 Olympiam
1557 2552 1758 2591 hominum
1783 2548 1993 2588 multitudo
2020 2553 2282 2585 commearet:

287 2613 308 2639 a
338 2607 468 2638 tamen
500 2612 546 2637 re
579 2601 816 2639 acerrimum
852 2603 1029 2655 reliquae
1054 2603 1245 2642 Graeciae
1280 2604 1356 2642 sibi
1391 2602 1598 2642 conflat-int
1632 2602 1779 2642 odium.
1830 2596 2216 2639 Concelebrabantur
2242 2596 2282 2633 in

229 2613 364 2701 mgna
387 2650 553 2688 Graecia
577 2657 619 2688 et
644 2651 716 2689 alia
742 2652 941 2701 solemnia,
968 2652 1094 2692 veluti
1117 2653 1303 2705 Neapoli,
1342 2666 1421 2706 quo
1448 2654 1635 2692 Graecus>
1647 2651 1819 2703 populus
1845 2647 2034 2688 affluebat
2058 2645 2202 2684 Strabo
2228 2645 2278 2686 V.

358 2756 452 2807 })·In
475 2756 708 2807 disquisitione
737 2757 780 2809 de
808 2758 942 2793 civitate
968 2764 1125 2809 veterum
1143 2759 1407 2810 Tarentinorum
1426 2758 1523 2810 Σίρι,
1543 2759 1635 2794 ι838.
1654 2769 1733 2809 pag.
1757 2758 1810 2792 25,
1857 2757 1904 2806 οι)
1924 2755 1977 2788 ue
2004 2752 2158 2804 afim,
2197 2751 2282 2795 qui.

231 2797 405 2872 {arcuum
425 2799 596 2848 Ρῖξῐὲῑῑιὸε
617 2799 821 2851 habuennt,
849 2801 1085 2835 commumbus
1112 2812 1216 2837 sacris
1237 2806 1436 2844 conjunctas
1458 2812 1583 2834 civium
1602 2806 1797 2841 societates,
1816 2803 1868 2862 uu
1890 2796 2053 2846 Neapoli,
2076 2794 2171 2846 1urbe
2190 2801 2282 2869 ³³⁸5..

265 2848 366 2872 raeca
386 2846 528 2883 vestlgla
549 2842 709 2875 servabat
729 2843 878 2887 plurima
899 2844 1025 2877 Strabo
1047 2844 1094 2875 V.
1119 2855 1155 2887 p.
1174 2846 1247 2880 246.
1271 2845 1413 2888 Ignarra
1435 2843 1479 2877 de
1499 2844 1660 2888 palaestr.
1681 2844 1773 2888 p·98
1792 2840 1953 2920 “palme
1973 2839 2054 2872 facit
2073 2845 2186 2879 ipsum
