2468 3070
989 129 1031 176 2)
1083 128 1271 165 Dioscuri
1301 131 1339 164 et
1378 127 1500 165 Venti.

355 186 575 226 Dioscuros
611 187 727 225 liceat
766 187 878 225 nobis
913 187 951 224 in
993 187 1161 225 heroum
1196 186 1353 226 referre
1387 200 1612 235 numerum,
1647 191 1822 240 quamvis
1855 190 1976 229 hodie
2003 189 2158 231 constet
2188 187 2278 230 viris

205 238 476 290 peritissimis,
505 250 597 283 eos,
624 250 742 288 quum
770 238 891 287 prisci
919 237 973 273 dii
1001 245 1151 284 essent,
1184 236 1325 274 fabulis
1361 245 1571 275 revocatos
1607 249 1695 276 esse
1721 240 1770 277 ad
1795 241 2000 280 heroicum
2026 253 2150 291 genus
2179 244 2278 293 Tyn·

205 288 428 325 daridarum
464 286 515 331 ci,
561 289 698 324 Dissen
742 287 884 337 explic.
922 287 970 323 ad
996 287 1108 327 Pind.
1147 301 1183 337 p.
1212 287 1298 324 471.
1325 287 1468 326 Miiller
1494 288 1591 325 Dor.
1617 294 1712 328 tom.
1741 290 1771 329 1.
1796 305 1835 341 p.
1859 293 1950 334 408.
1977 293 2279 341 Conspiciuntur

206 339 246 375 in
272 350 430 374 nummo
458 338 670 374 Tarentino
699 340 809 387 equis
837 337 1073 384 insidentes,
1100 336 1273 386 insigniti
1299 338 1413 374 stella
1435 338 1468 385 ⁷)
1495 349 1617 387 super
1642 338 1780 426 htpitc
1807 341 1987 380 Mionnet
2013 341 2149 392 Suppl.
2178 342 2209 379 1.
2234 355 2277 392 p.

1671 400 1692 424 Θ
1712 419 1719 428 .

205 388 305 430 275,
342 387 497 424 Rasche
530 387 644 426 lexic.
679 387 733 432 V,
771 388 803 422 1.
841 400 880 436 p.
908 388 1006 434 512,
1041 400 1158 438 quem
1184 399 1381 423 nummum
1408 386 1531 424 edidit
1557 386 1639 424 Eck
1750 402 1854 427 num.
1880 391 2017 432 anecd.
2045 391 2124 431 tab.
2149 390 2210 438 lll,
2242 393 2280 432 2.

208 437 262 478 cf,
289 439 342 475 D.
370 439 415 476 N.
444 438 472 476 Ι.
501 450 541 486 p.
570 437 667 482 153,
703 448 775 473 nec
811 436 954 473 mirum
992 444 1051 473 est
1083 438 1122 473 in
1159 436 1257 473 urbe
1293 437 1484 473 maritima
1510 435 1652 473 divinis
1676 437 1895 475 honoribus
1922 441 2051 477 cultos
2080 452 2187 485 esse,
2214 441 2280 491 qui

209 494 418 525 ventorum
446 493 625 522 rectores
654 492 694 520 et
722 486 991 535 navigatorum
1025 486 1185 535 patroni
1218 485 1359 522 crediti
1395 486 1482 523 sint.
1543 485 1732 526 Creuzer.
1771 487 1947 536 Symbol.
1984 489 2024 527 ll.
2064 502 2103 539 p.
2135 490 2281 541 338⁸sp

212 537 395 592 Quorum
421 534 624 570 numinum
661 547 770 570 sacra
797 535 996 583 Spartanis
1059 546 1192 585 uoque
1229 535 1401 571 celebria
1435 534 1579 571 Miiller
1606 535 1632 574 l.
1655 547 1690 576 c.
1717 536 1888 585 Amyclis
1914 539 2110 576 Laconiae
2136 540 2281 576 Taren-

212 594 295 623 tum
333 591 534 633 asportata
573 595 659 620 csse
697 583 790 619 olim
826 584 1010 620 adnotavi
1075 597 1096 621 e
1135 584 1235 632 orig.
1273 586 1363 621 Tar.
1389 598 1429 634 p.
1459 585 1546 629 41„
1580 591 1699 634 atque
1724 597 1771 622 ex
1799 586 1936 624 eadem
1961 588 2087 637 patria
2114 589 2280 635 Cyrenas

213 645 459 683 pervenere,
514 635 625 682 cujus
662 633 827 669 civitatis
862 633 1008 668 nummi
1042 633 1151 683 juxta
1190 632 1372 682 silphium
1410 633 1540 670 stellas
1576 633 1711 671 obvias
1746 635 1950 683 praebent.
1991 635 2192 674 .Boecl‹h.
2234 635 2283 673 ad

212 683 326 720 Pind.
358 682 502 731 explic.
530 695 569 731 p.
595 682 682 718 284.
734 683 831 717 ltem
868 681 972 731 apud
1004 682 1281 732 Agrigentinos
1318 681 1549 719 colebantur
1583 682 1772 720 Dioscuri
1806 685 1980 722 Boeclth.
2014 686 2040 722 l.
2067 699 2101 726 c.
2127 699 2166 735 p.
2195 686 2281 732 135,

210 733 316 782 apud
351 734 570 769 Locrenses
607 732 647 767 in
685 731 793 768 Italia
829 731 997 768 Diodor.
1025 739 1200 781 excerpt.
1237 731 1367 770 Vatic.
1395 745 1434 781 p.
1460 732 1522 771 15.
1550 738 1667 782 atque
1693 732 1880 783 Neapoli,
1907 736 2055 785 quippe
2081 735 2280 785 praesides

212 781 308 819 {acti
335 781 457 818 rebus
484 781 679 830 gymnicis.
718 783 874 829 lgnarra
901 780 950 817 de
977 781 1129 830 phi-atr.
1158 794 1197 830 p.
1227 782 1309 823 107,
1336 782 1425 819 178,

365 831 623 880 Adjungimus
659 829 948 865 Dioscurorum
983 831 1166 879 religioni
1202 842 1301 880 quae
1332 829 1381 866 de
1416 829 1534 866 sacris
1574 830 1858 867 Ventorum
1893 831 1940 868 ab
1977 833 2054 869 iuis
2080 840 2282 871 rectorum

213 881 301 931 (qui
328 879 376 916 ab
404 880 498 929 ipsis
527 879 608 915 Diis
631 878 808 927 profecti
833 886 923 915 sunt
950 879 1115 917 Hesiod.
1145 879 1278 929 theog.
1306 880 1478 929 869qu
1505 879 1544 914 in
1572 879 1782 917 Tarentina
1810 881 2164 932 civitateperactis
2191 895 2281 920 con-

215 937 330 969 stant.
371 928 419 967 cf.
463 930 557 978 intp.
595 928 738 978 Aquin.
778 929 894 968 delic.
930 930 1089 968 'l'arcnt.
1128 942 1168 978 p.
1194 929 1245 966 64
1271 942 1328 978 sq.
1366 928 1546 978 Explicat
1573 928 1676 965 enim
1701 930 1963 980 Etymologici
1988 933 2118 981 Magni
2142 939 2281 969 auctor

212 994 243 1016 s.
271 992 309 1017 v.
342 974 417 1017 οἷνε
439 974 579 1021 ιήύταςε
616 977 727 1026 nacci
770 979 1045 1028 Ταραντίνοις
1083 973 1106 1017 ὁ
1142 975 1241 1021 ὄνος
1277 974 1299 1015 ὁ
1336 976 1508 1027 α’νέμοις
1541 972 1780 1035 θυόμενος,
1808 992 1884 1030 qua
1910 980 2038 1029 glossa
2065 981 2280 1017 edocemur

213 993 496 1066 emendantium
533 1039 619 1064 csse
656 1028 897 1076 Hesycliium
935 1041 963 1069 s.
998 1041 1035 1069 v.
1071 1023 1311 1080 α’νεμαῖτιις,
1347 1027 1415 1064 ubi
1451 1035 1517 1064 aut
1552 1028 1696 1065 excidit
1721 1041 1799 1066 vox
1825 1025 1920 1072 ὄνος
1947 1038 2012 1067 aut
2037 1029 2282 1067 restituenda

213 1087 275 1116 est
312 1091 387 1128 pro
426 1089 547 1117 voce:
588 1076 782 1127 &vostra-8)
846 1078 952 1134 Quid
989 1086 1120 1115 autem
1154 1079 1274 1128 magis
1315 1084 1616 1114 consentaneum
1655 1090 1741 1115 esse
1778 1086 1929 1127 potest,
1967 1093 2082 1130 quam
2114 1079 2154 1115 in
2182 1078 2281 1116 urbe

213 1129 418 1165 maritimis
459 1128 703 1164 commerciis
740 1128 887 1164 victum
922 1135 1039 1178 atquc
1081 1141 1176 1178 opes
1212 1126 1286 1164 sibi
1325 1136 1576 1177 comparante
1612 1139 1719 1164 sacra
1754 1141 1821 1164 sua
1852 1128 2034 1166 habuisse
2062 1131 2280 1168 Ventorum

214 1178 402 1214 numina?
454 1179 538 1213 Non
568 1178 643 1214 alio
670 1177 789 1213 modo
819 1177 960 1213 Thurii
987 1178 1168 1214 feruntur
1193 1177 1296 1227 apud
1322 1177 1524 1214 Aelianum
1549 1178 1600 1216 V.
1625 1178 1675 1212 H.
1702 1179 1795 1223 xli,
1819 1179 1868 1214 61
1896 1178 2006 1223 (vide
2033 1178 2088 1214 ibi
2099 1178 2278 1215 Perizon.

215 1228 357 1277 Gierig
385 1226 432 1263 ad
459 1226 577 1266 Ovid.
606 1226 864 1276 Metamorph.
896 1229 966 1274 VI,
1001 1228 1095 1273 683)
1119 1228 1141 1264 ‘a
1173 1226 1366 1276 Dionysio
1395 1226 1510 1263 armis
1536 1225 1672 1276 petiti,
1701 1227 1821 1263 classe
1846 1226 1984 1263 hostili
2010 1241 2031 1264 a
2057 1228 2178 1264 borea
2204 1227 2281 1263 dis·
2323 1242 2331 1247 ·

213 1277 398 1329 turbata¹
450 1276 681 1326 liberatique
725 1285 834 1312 metu
866 1278 1020 1313 Boreae
1069 1289 1176 1315 sacra
1221 1276 1366 1313 fecisse
1413 1288 1582 1326 eumque
1622 1275 1771 1312 civitati
1818 1288 1910 1312 suae
1955 1276 2206 1326 adscripsisse
2229 1278 2278 1324 ⁹).

213 1326 365 1363 Habuit
407 1327 522 1362 etiam
558 1325 661 1374 apud
697 1326 956 1362 Athenienses
990 1339 1058 1362 sua
1092 1328 1241 1363 Boreas
1276 1338 1384 1361 sacra
1419 1325 1566 1363 Aelian.
1599 1325 1623 1359 l.
1652 1335 1685 1363 c.
1715 1325 1866 1361 Herod.
1891 1325 1964 1370 Vll,
2001 1327 2083 1363 189,
2116 1327 2278 1363 Pausan.

214 1377 250 1419 l,
279 1378 351 1420 19,
377 1377 424 1421 6,
451 1387 498 1410 cx
525 1375 662 1424 quibus
692 1374 868 1410 Thurina
894 1375 1099 1411 exordium
1135 1375 1286 1425 cepisse
1313 1374 1507 1421 arbitror,
1540 1386 1614 1410 nec
1640 1374 1764 1410 minus
1792 1373 1897 1423 apud
1921 1374 2277 1424 Megalopolitanos.

155 1421 158 1424 ’
214 1426 383 1465 Pausan.
420 1424 515 1469 Vlll,
541 1425 611 1469 36,
637 1425 674 1463 4.
705 1423 792 1460 coll.
820 1425 892 1470 27,
918 1426 955 1464 9.
1008 1425 1156 1461 Aelian.
1184 1426 1207 1461 l.
1235 1437 1268 1461 c.
1332 1424 1527 1460 Abierunt
1554 1426 1768 1460 Tarentum
1796 1424 2017 1463 Ventorum
2042 1436 2152 1460 sacra
2177 1423 2281 1460 haud

215 1474 336 1511 dubie
391 1487 413 1511 c
440 1473 635 1519 Laconia,
672 1472 1002 1510 Lacedaemonios
1038 1474 1140 1510 enim
1173 1474 1311 1512 Ventis
1351 1486 1497 1523 equum
1533 1473 1748 1509 immolasse
1775 1473 1815 1508 in
1840 1480 1973 1510 monte
2002 1474 2188 1522 Taygeto,
2241 1479 2282 1509 et

215 1523 427 1569 adoluisse,
454 1530 496 1558 ut
524 1534 661 1558 eorum
687 1521 782 1558 flatu
809 1524 904 1559 cinis
933 1523 1018 1572 ejus
1045 1536 1119 1573 per
1144 1522 1231 1560 finis
1259 1536 1372 1581 quam
1399 1522 1582 1559 latissime
1610 1522 1857 1568 deferretur,
1892 1530 2029 1560 auctor
2055 1529 2114 1559 est
2140 1523 2282 1559 Festus

216 1588 247 1613 s.
273 1587 312 1612 v.
342 1572 508 1609 october
534 1584 671 1622 equus.
708 1573 855 1609 Verum
883 1574 978 1623 quid
1004 1574 1065 1610 rei
1092 1574 1142 1609 sit
1168 1574 1308 1613 Ventis
1335 1584 1423 1609 cum
1451 1584 1554 1622 equo
1582 1572 1644 1609 vel
1670 1572 1789 1618 asino,
1816 1572 1971 1609 videant
1995 1571 2071 1618 alii,
2099 1571 2281 1622 equidem

216 1624 296 1660 hoc
323 1624 415 1659 loco
442 1621 563 1658 verbo
594 1622 793 1671 tetigerim
821 1635 977 1668 nexum,
1004 1622 1072 1673 qui
1098 1623 1215 1659 etiam
1228 1622 1430 1659 Dioscuris
1457 1621 1726 1658 intercedebat
1754 1633 1841 1658 cum
1871 1621 1995 1671 equis,
2021 1634 2187 1672 quorum
2214 1635 2281 1658 nu-

218 1674 368 1710 minum
396 1685 460 1708 ara
485 1672 697 1708 constituta
726 1679 810 1708 erat
837 1672 875 1708 in
902 1671 1239 1723 hippodromo
1268 1672 1493 1722 Olympico.
1547 1672 1704 1709 Pausan.
1735 1672 1796 1718 V„
1825 1671 1884 1718 15,
1910 1672 1947 1710 4.

917 1743 960 1791 3)
993 1743 1115 1780 Taras
1131 1745 1277 1790 fluvius
1304 1749 1341 1780 et
1366 1742 1577 1791 lVympleae.

369 1806 490 1840 Extra
518 1816 671 1839 omnem
697 1802 983 1839 dubitationem
1007 1803 1181 1852 positum
1207 1810 1289 1848 est,
1328 1815 1401 1838 non
1427 1802 1550 1838 minus
1577 1815 1690 1852 quam
1716 1800 1972 1838 Phalanthum
1999 1800 2136 1839 divinis
2162 1800 2285 1839 hono-

217 1855 328 1892 ribus
365 1855 572 1889 'l'arantcm
610 1853 918 1902 antiquissimum
961 1852 1130 1889 civitatis
1167 1852 1410 1889 conditorem
1447 1853 1680 1888 Tarentinos
1715 1851 1906 1888 affecisse.
1960 1851 2154 1901 Equidem
2192 1851 2283 1888 olim

219 1905 289 1948 (de
319 1904 419 1952 orig.
448 1905 603 1938 'sarcum
632 1916 671 1951 p.
699 1900 757 1949 7.)
784 1900 1049 1938 fiuvialem
1083 1901 1130 1937 ab
1168 1901 1279 1937 initio
1308 1904 1434 1937 Deum
1461 1902 1668 1936 'Parantem
1706 1899 1829 1936 fuisse
1856 1900 2073 1948 suspicatus
2100 1912 2203 1946 sum,
2245 1900 2283 1936 in

219 1966 336 2004 quam
363 1952 593 1988 sententiam
621 1963 666 1988 ea
693 1950 887 1988 neminem
913 1963 990 1987 non
1018 1949 1120 1987 ferat
1145 1951 1340 1997 narratio,
1383 1963 1458 2001 qua
1483 1948 1685 1999 Nymphae
1712 1956 1753 1986 et
1779 1949 1953 1999 Neptuni
1978 1948 2079 1987 filius
2106 1962 2192 1987 esse
2217 1962 2283 1987 ve-

218 2003 455 2041 tustissimus
483 2001 599 2038 heros
628 2001 885 2051 perhibetur,
931 2000 1137 2038 manifesto
1173 2001 1273 2038 enim
1310 2013 1496 2050 aquarum
1533 2000 1688 2035 numina
1724 1999 1888 2047 respicit
1914 1997 2054 2038 fabula.
2104 2000 2283 2045 Accedit,

220 2053 330 2103 quod
358 2051 513 2087 omnino
542 2052 669 2099 prisca
696 2051 761 2086 illa
787 2050 1069 2098 Messapiorum
1096 2063 1204 2100 gens,
1231 2049 1333 2099 apud
1361 2062 1475 2100 quam
1503 2050 1713 2085 Tarentum
1739 2048 1939 2085 conditum
1966 2055 2045 2096 est,
2085 2048 2284 2099 Nympha-

218 2115 307 2140 rum
336 2099 641 2150 Epimelidarum
677 2099 808 2136 divino
845 2099 952 2136 cultu
989 2100 1146 2150 insignis
1181 2107 1266 2136 erat
1293 2098 1480 2135 Antonin.
1529 2098 1616 2135 Lib.
1642 2099 1704 2136 31.
1729 2100 1776 2143 ¹⁰)
1804 2105 1845 2135 et
1869 2100 2045 2135 Deorum
2071 2098 2284 2135 fluvialium

219 2152 430 2200 religione,
467 2151 506 2185 in
531 2163 699 2198 quorum
726 2161 933 2184 numerum
959 2150 1147 2197 Japygem
1172 2149 1338 2187 heroem
1363 2146 1513 2192 refero,
1542 2159 1690 2182 amnem
1718 2147 1863 2183 dictum
1889 2160 1911 2183 a
1936 2148 2063 2185 Plinio
2090 2155 2167 2187 nat.
2194 2148 2285 2188 hist.

223 2202 303 2246 111„
331 2200 401 2244 16,
444 2197 573 2236 fontes
601 2197 769 2248 denique
798 2196 963 2235 observa
995 2199 1214 2249 plerosque
1249 2210 1323 2247 pro
1362 2196 1479 2233 sacris
1517 2208 1602 2233 esse
1638 2195 1805 2234 habitos.
1834 2197 1944 2237 Serv.
1971 2197 2018 2234 ad
2045 2198 2156 2247 Virg.
2184 2199 2282 2238 Aen.

220 2253 319 2296 vlt,
343 2250 408 2289 84.
449 2248 554 2305 Quid
581 2249 702 2297 igitur
727 2248 870 2283 mirum
897 2255 969 2293 cst,
997 2248 1029 2283 si
1055 2248 1134 2284 Dei
1161 2248 1281 2282 instar
1301 2249 1508 2281 Tar-antem
1534 2245 1696 2282 ssuvium
1722 2247 1870 2282 cultum
1897 2258 1982 2283 esse
2009 2259 2031 2283 e
2057 2247 2284 2294 simulacris,

221 2312 322 2351 quae
351 2305 440 2335 sunt
466 2311 504 2333 m
531 2299 694 2333 nummis
722 2296 841 2332 variis
868 2297 1049 2332 Deorum
1075 2295 1289 2346 insignibus
1316 2301 1468 2339 ornata,
1509 2294 1654 2345 absque
1692 2296 1798 2332 omni
1833 2297 2101 2335 controversia
2139 2309 2186 2334 co
2218 2311 2284 2335 no-

220 2349 331 2389 scns'?
372 2348 479 2384 Idem
504 2348 685 2384 videntur
710 2345 854 2382 fecisse
882 2346 1106 2393 Sybaritae,
1132 2357 1299 2395 namque
1326 2346 1365 2379 in
1390 2351 1544 2380 vetusta
1570 2347 1724 2394 pictura
1751 2345 2018 2385 adumbratum
2043 2345 2166 2384 fuisse
2207 2347 2286 2384 erri-

221 2411 305 2436 mus
333 2396 496 2446 Sybarin
521 2396 813 2433 adolescentem
838 2407 926 2431 cum
952 2392 1074 2431 ssuvio
1102 2394 1278 2441 Calabro,
1306 2392 1417 2430 fonte
1441 2394 1596 2442 Calyca,
1623 2396 1706 2432 Dea
1733 2396 1887 2432 Junone
1914 2403 1954 2432 et
1979 2398 2160 2433 Temessa
2185 2410 2234 2433 ur
2264 2409 2285 2433 e

221 2451 383 2485 I'ausan.
402 2448 483 2492 Vt„
510 2448 547 2492 6,
574 2448 619 2490 43
646 2445 751 2480 idem
776 2443 942 2480 fluvialis
965 2445 1073 2480 Deus
1101 2443 1271 2492 Sybaris,
1302 2444 1457 2492 opinor,
1484 2444 1653 2480 intextus
1681 2451 1765 2480 erat
1789 2445 1989 2494 pretiosae
2014 2446 2070 2482 illi
2097 2446 2286 2483 Alcisthe—

223 2499 281 2534 nis
315 2496 516 2546 Sybaritae
557 2497 672 2532 vesti.
724 2493 891 2530 Aristot.
917 2492 1055 2533 mirab.
1083 2493 1144 2530 99.
1170 2492 1312 2533 Athen.
1341 2493 1422 2530 xil.
1450 2506 1491 2543 p.
1515 2493 1600 2534 509,
1627 2493 1844 2545 Schweigh.
1874 2493 2040 2533 Omnino
2067 2495 2170 2533 haud
2195 2507 2286 2532 raro

223 2588 458 2620 lantiadarum.
501 2588 644 2632 Ignari-a
668 2586 710 2618 dc
733 2585 865 2629 phratr.
890 2595 969 2629 pag.
990 2585 1031 2618 66
1052 2595 1103 2628 sq.
1162 2585 1190 2622 ⁷)
1213 2582 1327 2627 Atque
1348 2583 1395 2616 sic
1420 2583 1624 2628 plerumque
1647 2592 1810 2618 notantur
1834 2585 1870 2618 in
1891 2585 2031 2630 picturis
2054 2597 2225 2619 vasorum.
2247 2585 2289 2617 cs.

222 2630 406 2662 'l'ischbcin
433 2630 496 2663 lv.
518 2631 565 2673 pt.
593 2632 645 2664 52.
688 2628 797 2661 Stella
827 2627 863 2658 in
891 2628 963 2658 aliis
992 2625 1138 2658 nummis
1171 2626 1242 2658 sola
1271 2632 1321 2658 est
1343 2626 1502 2657 Mionnet
1530 2627 1556 2659 Ι,
1574 2638 1608 2669 Ρ,
1626 2630 1697 2668 140,
1718 2628 1838 2671 Suppl.
1860 2628 1885 2660 I.
1908 2640 1942 2672 p.
1963 2631 2038 2664 280.
2080 2630 2181 2660 Taras
2213 2638 2288 2658 cum

228 2672 329 2704 stellis
359 2672 491 2703 duabus
519 2670 728 2714 conspicitur
760 2669 852 2712 apud
881 2669 1037 2700 Mionnet
1067 2668 1095 2700 Ῑ,
1143 2690 1152 2701 .
1182 2672 1254 2708 142,
1282 2668 1403 2712 Suppl.
1426 2668 1454 2701 Ῑ,
1475 2680 1510 2712 Ρ,
1530 2670 1605 2702 288,
1670 2671 1696 2709 ⁸)
1727 2671 1817 2705 Vide
1847 2670 1957 2715 intpp.
1979 2670 2022 2703 ad
2050 2670 2194 2712 Hesych.
2216 2670 2238 2702 l.
2261 2681 2288 2701 c.

229 2712 351 2745 Suidae
371 2708 561 2755 Ἀνεμῦτας
581 2711 762 2763 proprium
784 2721 912 2743 nomen
935 2716 996 2745 est.
1060 2711 1087 2752 ⁹)
1143 2710 1213 2743 uod
1243 2716 1402 2743 eventum
1460 2721 1505 2743 uo
1534 2711 1705 2755 pertineat
1734 2718 1768 2745 et
1795 2723 1863 2758 qua
1888 2712 1924 2745 in
1945 2723 1987 2745 re
2010 2712 2176 2745 Aelianus
2199 2722 2288 2745 erra-

230 2754 327 2793 verit,
348 2754 460 2788 docuit
481 2756 634 2799 Heymus
657 2766 774 2800 opusc.
796 2754 889 2788 acad.
911 2754 955 2787 11.
984 2765 1017 2796 p.
1041 2756 1114 2796 141,
1177 2755 1219 2794 ²⁰)
1243 2753 1333 2786 Vide
1355 2753 1401 2785 ihi
1423 2753 1630 2796 disputantes
1653 2755 1878 2787 Munclxerum
1901 2761 1934 2787 et
1956 2753 2191 2797 Verheykium
2212 2765 2285 2799 pag.

229 2798 291 2831 186
317 2806 370 2838 sq.
390 2797 443 2829 ed.
461 2798 626 2831 Teucher.
664 2797 718 2829 Ad
740 2807 834 2828 sacra
856 2807 934 2839 nym
965 2797 1082 2828 harum
1104 2805 1175 2827 non
1197 2796 1363 2828 absonum
1386 2801 1435 2828 cst
1483 2795 1631 2828 crtincrc
1652 2797 1791 2840 templa,
1823 2807 1912 2841 quae
1938 2795 2156 2829 inveniuntur
2177 2809 2241 2842 pro
2269 2807 2287 2829 c

225 2840 420 2873 Tarentum
439 2839 671 2874 subterranea.
706 2838 801 2872 Bossi
832 2839 908 2874 hist.
950 2838 1049 2871 taliae
1074 2844 1158 2874 tom.
1179 2839 1205 2873 1.
1226 2849 1303 2884 pag.
1326 2842 1401 2876 210.
1445 2807 1498 2873 [ξε
1529 2839 1723 2883 'nymphaeis
1759 2839 1845 2873 adde
1873 2844 1947 2874 uot.
1967 2838 2011 2871 ad
2030 2837 2158 2882 Aquin.
2188 2840 2287 2873 dehc.
