2468 3070
233 22 273 41 ,μ

1238 45 1268 80 7

225 151 434 202 peregrina
468 150 550 187 illic
591 148 825 205 commorari
859 148 996 196 solita,
1036 155 1081 186 ut
1119 149 1249 186 Deum
1286 151 1462 188 Deamve
1487 151 1677 192 nonesse
1701 151 1844 188 merito
1869 151 1997 207 possis
2029 148 2283 197 contendere,

227 201 322 251 quin
354 198 557 237 Tarentini
586 197 799 245 coluennt,
835 197 954 248 longe
1018 196 1186 255 refecto·
1224 197 1477 236 abscedentes
1511 211 1533 235 a
1566 199 1717 249 patriae
1757 199 2021 250 simplicitate.
2103 198 2281 254 Quarum

227 249 397 287 omnium
421 247 657 298 religionum
675 252 799 285 testes
823 247 963 298 optimi
1006 247 1295 304 requentissimi
1318 256 1407 286 sunt
1430 249 1732 287 Tarentinorum
1757 249 1914 289 nummi.

1078 320 1169 368 Dei
1207 320 1437 384 Deaeque.

867 385 912 432 1)
926 384 1065 433 Apollo
1101 387 1139 419 et
1170 384 1368 421 oraculum
1400 384 1637 433 Delphicum.

374 441 567 493 Apollinis
591 454 700 480 sacra
724 455 746 480 a
768 441 989 481 Tarentinis
1013 442 1140 493 magni
1166 441 1381 480 existimata
1406 453 1514 489 esse,
1534 442 1691 481 etiamsi
1713 438 1947 481 non⁰essent
1974 442 2042 493 qui
2066 441 2283 492 proderent

225 499 427 537 auctores,
461 490 603 528 merito
640 491 926 542 conjiceremus
935 492 1170 542 ‚equoniam
1200 492 1265 529 hic
1292 493 1400 527 Deus
1424 491 1680 529 Doriensium
1704 493 1813 542 genti
1838 493 2045 530 universae
2072 491 2280 540 primarius

227 550 308 588 est,
333 554 356 578 a
379 539 548 577 Miillero
574 540 728 585 demum
755 540 939 583 Doriens.
964 547 1060 580 tom.
1086 541 1116 579 1.
1143 540 1181 577 ei
1206 539 1447 588 vindicatus,
1472 542 1530 579 aS
1562 541 1703 578 artanis
1721 541 1816 579 olim
1825 540 1926 579 adeo
1938 540 2127 591 religiose
2139 539 2281 585 cultus,

224 599 270 629 ut
295 592 418 639 ipsam
443 589 612 628 Theram
635 591 797 627 insulam
829 591 869 627 ei
901 589 1178 627 dedicaverint.
1214 589 1346 629 Schol.
1373 590 1423 630 ad
1447 554 1559 630 Pimf
1581 590 1697 640 Pyth.
1723 592 1790 637 lv,
1816 592 1878 628 11.
1928 592 2107 639 Apparet
2130 589 2280 625 idcirco

225 640 413 698 frequens
446 637 487 675 in
521 639 686 677 nummis
710 638 929 677 Tarentinis
954 640 989 676 A
1020 638 1146 676 ollinis
1179 646 1297 690 caput
1333 638 1521 679 Mionnet.
1545 639 1682 690 Suppl.
1708 647 1803 678 tom.
1829 641 1858 677 1.
1882 652 1922 690 p.
1947 640 2024 676 278
2046 651 2063 675 s
2094 667 2103 677 .
2128 637 2281 674 Rasche

192 722 197 735 x
226 692 340 726 lenc.
367 689 417 733 V,
445 688 481 727 1.
537 714 546 723 .
569 689 667 735 513,
692 701 983 738 nonnunquam⁴
1007 696 1207 725 aureatum
1239 683 1552 738 (δαφνηφόρον)
1584 691 1771 729 Mionnet.
1806 691 1846 735 1,
1882 702 1922 738 p.
1948 690 2034 728 1:37.
2099 688 2208 736 uppl.
2271 714 2281 722 .

225 738 324 783 278,
356 735 465 788 quod
486 701 594 772 idem
619 736 859 787 conspicitur
889 736 929 773 in
955 737 1117 774 nummis
1142 737 1362 774 Heracleae
1388 737 1690 781 Tarentinorum
1714 737 1865 775 Eckhel
1889 750 1994 774 num.
2022 743 2117 774 vett.
2144 747 2239 772 auec
2269 763 2279 772 .

256 813 269 826 .
292 787 364 832 36,
392 792 430 822 at
487 798 508 822 e
534 786 716 824 Crotonis
727 788 759 831 ¹)
784 794 969 836 cognatae
997 788 1168 823 Tarento
1197 786 1331 836 stirpis
1368 786 1459 824 vide
1498 786 1547 823 de
1583 786 1645 823 ori
1673 815 1683 824 .
1717 788 1878 824 Tarent.
1904 800 1992 836 pag,
2027 787 2091 825 50.
2117 783 2277 823 Eckhel.

242 865 254 875 .
281 847 315 873 c.
343 847 381 883 p.
457 862 469 874 .
494 834 575 872 tab.
602 836 668 880 IV,
694 836 788 873 Nro.
822 836 885 881 2.,
949 834 1069 884 uippe
1105 836 1236 871 laurus
1270 835 1554 872 vaticinationis
1580 798 1797 883 syuffbolum
1822 836 1997 871 Creuzer
2023 832 2195 881 Symbol.
2224 834 2280 876 II,

256 911 265 921 .
293 884 365 921 161
391 895 447 933 sq.
481 882 624 920 Miiller
648 884 747 923 Dor.
771 885 803 922 1.
839 896 880 933 p.
989 896 1070 935 sq.,
1096 896 1226 934 neque
1251 883 1374 933 igitur
1398 883 1541 921 mirum
1566 890 1647 929 est,
1684 883 1859 933 Apollini
1883 884 2041 921 Aristeo
2066 880 2281 931 Metaponti

225 898 442 971 gedicatam
468 944 553 969 esse
579 943 738 969 aeneam
760 932 913 969 laurum
939 932 1011 969 sub
1039 933 1210 970 reditum
1235 933 1383 969 Aristei
1407 933 1674 972 Proconnesii.
1704 932 1908 972 Athen.X.
1924 932 2060 982 p.6o5.
2076 943 2111 969 c.
2137 930 2280 967 Miiller

228 983 254 1020 1.
281 993 314 1022 c.
339 994 379 1031 p.
405 981 493 1020 264.
544 980 724 1018 Produnt
748 993 847 1032 quae
871 981 989 1019 modo
1018 982 1338 1029 memoravimus,
1371 981 1593 1032 Apollinem
1626 982 1667 1018 in
1701 981 1779 1018 illis
1813 980 2011 1017 inferioris
2044 979 2176 1016 ltaliae
2202 978 2280 1015 oris

201 1047 204 1049 ¹
226 1031 389 1069 maxime
416 1030 563 1067 cultum
589 1042 675 1068 esse
700 1037 882 1081 tanquam
906 1032 1035 1068 Deum
1060 1031 1489 1076 vaticinatorem‚
1523 1031 1572 1068 de
1599 1044 1677 1081 quo
1704 1030 1785 1068 Dei
1808 1042 1969 1068 munere
1998 1028 2159 1080 egregie
2184 1027 2279 1065 Mill-

225 1081 332 1118 lerus
357 1092 397 1128 p.
419 1079 496 1116 337
507 1090 565 1129 sq.
591 1078 786 1115 disseruit.
820 1081 964 1116 Posses
991 1080 1107 1116 etiam
1133 1080 1379 1129 conjectare,
1407 1080 1626 1117 Tarentinis
1652 1080 1690 1116 in
1715 1091 1791 1116 usu
1815 1080 1937 1117 fuisse
1963 1076 2280 1127 Daphnephoria,

227 1129 301 1167 nisi
334 1128 412 1165 ho'c
448 1138 652 1164 sacrorum
704 1139 798 1164 enus
833 1136 1029 1166 constaret
1062 1136 1129 1166 aut
1165 1128 1297 1166 Solem
1334 1128 1450 1166 deum
1474 1136 1654 1179 spectare
1680 1129 1867 1167 Creuzer.
1891 1141 1935 1179 p.
1963 1128 2039 1165 160
2061 1139 2121 1178 sq.
2149 1133 2191 1162 et
2214 1136 2278 1162 res

228 1178 420 1217 coelestes
433 1176 575 1213 Miiller
603 1175 685 1213 Orc
716 1188 792 1213 om.
816 1190 859 1227 p.
871 1178 959 1224 220,
984 1185 1051 1214 aut
1074 1178 1276 1227 pertinere
1300 1179 1350 1215 ad
1373 1179 1636 1215 lustrationes.
1661 1177 1767 1214 idem
1791 1179 1891 1214 Dor.
1917 1185 2013 1215 tom.
2039 1179 2068 1215 Ι.
2083 1189 2121 1225 p.
2141 1175 2281 1224 Sfflsq.

229 1227 373 1266 Contra
399 1225 448 1261 ad
472 1224 692 1274 Apollinem
716 1236 850 1261 rerum
875 1225 1091 1262 futurarum
1115 1226 1373 1276 interpretem
1397 1226 1487 1276 jure
1512 1226 1691 1263 refertur
1714 1226 1843 1275 tripus
1869 1227 1911 1262 in
1934 1224 2112 1262 manibus
2139 1225 2281 1259 Taran-

226 1276 277 1313 tis
303 1274 437 1311 herois
463 1280 698 1322 conspectus
725 1274 814 1323 plus
846 1275 967 1312 semel
993 1274 1183 1315 Mionnet.
1211 1283 1305 1312 tom.
1332 1277 1368 1319 1.
1390 1289 1430 1324 p.
1458 1276 1545 1315 141.
1572 1276 1658 1315 144.
1684 1274 1823 1324 Suppl.
1849 1276 1875 1311 1.
1902 1288 1941 1324 p.
1966 1275 2054 1313 284.
2077 1273 2167 1312 29⁰.
2192 1271 2279 1310 291.

226 1323 379 1361 Rasche
405 1322 519 1361 lexic.
549 1322 603 1367 V,
637 1323 674 1360 1.
700 1334 740 1371 p.
768 1323 877 1366 520..
941 1334 1030 1358 uem
1062 1335 1140 1360 non
1174 1335 1267 1359 raro
1301 1324 1486 1360 Crotonis
1523 1335 1682 1373 quoque
1713 1323 1861 1358 nummi
1895 1323 2094 1359 exhibent.
2132 1320 2282 1357 Eckhel

227 1384 331 1411 num.
364 1370 497 1407 anecd.
525 1382 565 1419 p.
589 1370 706 1420 42sq.
730 1369 808 1408 tab.
834 1336 987 1417 uhi-23.
1013 1372 1077 1410 25.
1104 1370 1185 1410 tab.
1210 1372 1278 1417 lV,
1304 1372 1339 1407 1.
1366 1370 1415 1407 cf.
1437 1371 1623 1407 Creuzer
1640 1372 1667 1407 l.
1685 1382 1718 1409 c.
1732 1383 1773 1420 p.
1793 1372 1871 1407 2⁰⁰
1890 1383 1948 1421 sq.
1972 1370 2063 1406 Pari
2086 1369 2203 1405 modo
2229 1367 2279 1404 ad

225 1423 353 1458 Deum
377 1418 670 1456 vaticinatorem
694 1418 851 1455 trahere
877 1420 1005 1456 solent
1028 1419 1180 1468 signum
1205 1419 1401 1469 quoddam
1424 1419 1466 1455 in
1490 1419 1655 1457 nummis
1679 1419 1841 1456 Tarenti
1902 1420 2104 1468 iarumque
2129 1417 2283 1456 urbium

225 1470 259 1507 A
291 1467 417 1506 ollinis
442 1467 551 1504 cultu
575 1464 803 1504 florentium
829 1475 1104 1517 conspectum,
1140 1467 1248 1519 quod
1272 1469 1425 1506 rotulae
1450 1467 1571 1504 instar
1598 1474 1676 1515 est,
1713 1467 1823 1505 orbis
1901 1466 2125 1505 adrifariam
2140 1473 2280 1505 sectus.

228 1482 286 1558 οἷ
303 1517 481 1555 Mionnet
506 1518 533 1555 1.
559 1529 599 1566 p.
627 1517 715 1557 148.
742 1517 828 1555 149.
853 1516 990 1554 Edidit
1015 1517 1210 1568 ejusmodi
1234 1531 1431 1555 nummum
1455 1516 1607 1555 Eckhel
1630 1530 1733 1554 num.
1760 1517 1895 1559 anecd.
1921 1517 1998 1558 tab.
2016 1517 2088 1565 111,
2115 1518 2153 1565 4,
2179 1527 2284 1554 eum·

227 1580 304 1620 que
331 1565 658 1618 antiquissimum,
683 1566 913 1603 testantibus
938 1566 1032 1617 ipsis
1056 1567 1222 1614 litteris,
1251 1567 1401 1618 quibus
1416 1566 1526 1603 urbis
1551 1579 1695 1603 nomen
1718 1573 1937 1603 retrorsum
1959 1567 2036 1604 scri
2065 1574 2149 1604 tum
2163 1565 2283 1602 effin-

255 1620 333 1654 itur
341 1630 355 1661 ,·
405 1615 477 1653 sed
509 1614 659 1652 fatetur
693 1615 756 1654 vir
781 1615 1027 1654 doctissimus
1047 1643 1059 1664 ,
1111 1616 1207 1668 quid
1240 1617 1369 1655 rotula
1400 1616 1464 1654 illa
1500 1615 1708 1667 significet,
1733 1617 1886 1654 nescire
1911 1629 1965 1657 se.
1990 1580 2081 1654 vide
2106 1628 2194 1667 pag.
2216 1615 2280 1654 82.

227 1631 288 1703 {x
317 1665 449 1703 licavit
472 1664 630 1701 tandem
654 1663 938 1702 Briindstedius
972 1665 1055 1704 itin.
1090 1664 1183 1702 fasc.
1213 1667 1242 1705 1.
1297 1693 1309 1705 .
1336 1667 1425 1705 118.
1451 1673 1535 1704 not.
1563 1667 1631 1711 14,
1681 1666 1750 1716 qui
1775 1667 1945 1703 rotulam
1970 1665 2068 1703 vidit
2093 1677 2180 1703 esse
2204 1664 2280 1701 tri·

229 1727 281 1766 po
313 1715 344 1752 is
369 1721 543 1764 partem,
567 1707 643 1752 τᾶν
665 1706 819 1753 κύκλον
843 1708 1064 1765 μαντικόν.
1114 1715 1245 1765 Atque
1299 1727 1369 1755 aec
1394 1713 1554 1765 quidem
1579 1713 1629 1751 de
1654 1714 1836 1765 Apolline
1860 1715 2128 1754 vaticinatore.

380 1766 556 1800 Transeo
582 1762 631 1798 ad
657 1763 1020 1811 Hyacinthium.
1068 1765 1194 1801 Hunc
1211 1766 1386 1813 impense
1413 1764 1561 1801 cultum
1586 1763 1901 1814 solemnibusque
1929 1764 2173 1801 celebratum
2198 1775 2283 1800 esse

229 1828 251 1852 a
272 1811 493 1851 Tarentinis
519 1810 668 1850 civibus
692 1824 772 1849 non
796 1812 923 1850 minus
973 1825 1088 1864 quam
1126 1813 1173 1850 ab
1200 1813 1511 1862 Amyclaeensi2)
1560 1813 1759 1850 Laconum
1783 1825 1930 1864 genere
1945 1840 1957 1861 ,
2009 1813 2078 1864 qui
2126 1823 2284 1864 possem

228 1874 372 1920 negare
385 1888 396 1908 ,
439 1861 504 1898 cui
529 1861 579 1897 de
605 1862 872 1909 Amyclaeensi
897 1862 1060 1898 Tarenti
1082 1863 1232 1912 origine
1257 1862 1373 1899 unice
1397 1875 1492 1899 vera
1521 1861 1740 1899 etiamnunc
1765 1875 1995 1911 persuasum
2021 1862 2112 1899 est?
2154 1860 2206 1899 cf.
2234 1860 2282 1897 de

231 1924 331 1962 orig.
356 1912 513 1949 Tarent.
537 1922 627 1994 pafi.
652 1911 703 1947 39
722 1922 780 1968 sq.
833 1910 994 1947 Constat
1019 1911 1068 1947 de
1093 1910 1252 1960 lugubri
1276 1911 1353 1947 Dei
1378 1911 1484 1948 cultu
1511 1923 1533 1947 a
1556 1910 1810 1953 Doriensium
1832 1911 2010 1949 moribus
2035 1911 2282 1955 alienissimo,

231 1959 387 1998 Cereris
414 1970 458 1995 ac
483 1959 588 1995 Bacc
618 1959 630 1994 i
656 1971 776 1995 sacris
801 1959 996 1996 simillimo
1021 1959 1172 1995 Miiller
1197 1960 1225 1998 l.
1251 1972 1286 1997 c.
1314 1972 1401 2008 pag.
1422 1960 1499 1996 354
1513 1972 1591 2009 sq.‚
1628 1959 1795 1996 eundem
1819 1960 1937 1996 istum
1961 1959 2168 2010 lugubrem
2194 1958 2282 1995 cul-

229 2018 312 2049 tum
336 2007 441 2045 haud
467 2006 587 2045 dubie
613 2007 777 2058 respicit
801 2007 1026 2058 sepulcrum
1050 2021 1073 2045 a
1096 2007 1261 2058 Polybio
1287 2009 1394 2056 VIII,
1417 2009 1487 2055 30,
1512 2008 1550 2048 2.
1602 2008 1764 2046 Tarenti
1791 2016 2047 2046 memoratum
2073 2006 2282 2059 Hyacinthi

228 2060 312 2098 sive
337 2065 382 2094 ut
406 2057 471 2094 alii
496 2056 631 2094 dicunt
656 2058 690 2093 A
720 2057 849 2094 ollinis
874 2057 1103 2106 Hyacinthi,
1137 2058 1252 2108 quale
1277 2058 1445 2107 Amyclis
1471 2058 1599 2095 visum
1624 2064 1685 2095 est
1708 2058 1750 2094 in
1776 2057 1869 2096 fano
1894 2059 2083 2108 Apollinis
2108 2057 2180 2095 sub
2205 2057 2282 2096 Dei

228 2108 350 2159 ipsius
364 2113 499 2146 statua.
523 2106 684 2145 Pausan.
718 2107 764 2154 11,
790 2107 827 2154 1,
849 2106 890 2145 8.
924 2108 1048 2156 Heyn.
1074 2106 1231 2147 dissert.
1255 2106 1450 2145 archaeol.
1477 2114 1574 2147 tom.
1602 2108 1629 2142 1.
1655 2119 1742 2157 pag.
1769 2109 1824 2145 σε
1854 2134 1864 2144 .
1903 2108 2000 2144 Mihi
2079 2107 2184 2144 idem
2236 2118 2284 2143 ro

230 2164 341 2196 certo
369 2163 442 2203 est,
466 2154 728 2205 Hyacinthum
752 2166 839 2193 esse
864 2157 994 2207 ipsum
1004 2155 1240 2207 Apollinem,
1267 2156 1377 2208 cujus
1395 2156 1436 2193 in
1462 2155 1579 2193 sacris
1595 2154 1774 2193 adhiberi
1790 2120 1943 2194 so‘lebat
1958 2155 2041 2194 ssos·
2081 2156 2192 2206 yacin
2236 2166 2282 2191 us

228 2206 367 2245 mortis
392 2205 609 2254 symbolum
632 2205 777 2242 Miiller
810 2205 834 2242 1.
863 2217 899 2245 c.
933 2207 1110 2244 Creuzer
1133 2206 1319 2255 Symbol.·
1336 2208 1365 2244 1.
1389 2219 1429 2256 p.
1455 2206 1529 2249 56,
1557 2206 1641 2254 ipsa
1666 2204 1793 2243 forma
1818 2218 1887 2242 sua
1910 2202 2061 2244 doloris
2086 2205 2282 2242 exclama-

229 2256 377 2294 tionem
424 2252 579 2292 referre
613 2253 733 2295 visus.
766 2254 931 2295 Pausan.
963 2256 1016 2303 11,
1049 2255 1121 2302 85,
1152 2256 1191 2295 4.
1240 2254 1404 2292 Exstitit
1439 2267 1487 2292 ex
1521 2254 1597 2291 Dei
1632 2254 1865 2305 cognomine
1888 2253 2034 2291 fabulis
2060 2253 2280 2292 celebratus

231 2302 472 2355 Hyacinthus
497 2302 636 2351 heros,
660 2303 722 2340 uti
747 2315 797 2341 ex
820 2303 1025 2342 Artemide
1049 2303 1251 2355 Iphigenia
1274 2303 1416 2342 Miiller
1440 2316 1478 2354 p.
1503 2303 1592 2343 383.
1622 2309 1743 2354 atque
1780 2303 1962 2351 Callisto,
1985 2302 2077 2341 vide
2103 2302 2280 2353 ejusdem

230 2354 413 2405 prolegg.-
430 2352 592 2401 mythol.
617 2352 721 2402 pas
745 2364 816 2403 sq.‚
837 2365 888 2390 ne
910 2353 1092 2403 pluribus
1117 2352 1311 2405 defungar
1335 2353 1545 2404 exemplis3
1570 2353 1740 2390 moritur
1762 2355 1870 2391 Deus
1894 2352 1982 2403 ipse
2000 2359 2162 2390 naturae
2173 2350 2282 2402 quasi

229 2402 431 2442 morientis
456 2408 498 2439 et
520 2401 790 2441 reviviscentis
815 2401 1030 2452 symbolum
1054 2402 1208 2442 Dissen.
1233 2403 1283 2440 ad
1305 2402 1418 2441 Pind.
1455 2402 1595 2453 explic.
1618 2415 1660 2453 p.
1685 2403 1759 2440 471
1786 2402 1848 2441 ed.
1873 2401 2068 2449 Boeckh„
2094 2401 2286 2451 novisque

230 2453 374 2492 fabulis
398 2450 541 2489 deinde
566 2451 784 2489 illustratur
808 2464 916 2489 mors
939 2452 1150 2502 Hyacinthi
1173 2452 1321 2493 herois.
1369 2454 1496 2490 Recte
1521 2452 1643 2502 igitur
1666 2452 1721 2489 ait
1739 2450 1924 2500 Polybius
1948 2452 1975 2488 l.
1991 2463 2042 2497 c.,
2059 2450 2287 2501 sepulcrum

232 2516 254 2541 a
278 2500 510 2555 quibusdam
533 2499 656 2551 ipsius
680 2500 872 2551 Apollinis
895 2500 1103 2552 Hyacinthi
1128 2501 1276 2539 dictum
1302 2513 1412 2549 esse,
1437 2513 1511 2538 nec
1537 2508 1701 2551 pessunt
1779 2512 1825 2538 ae
1843 2500 2048 2538 Pausanias
2072 2498 2285 2538 hariolatus

232 2559 294 2590 est
329 2550 379 2589 de
418 2549 637 2588 con'unctis
669 2550 879 2600 Hyacinthi
928 2551 1050 2589 sacris
1085 2558 1127 2588 et
1160 2550 1353 2601 Apollinis
1388 2549 1493 2604 aliud
1518 2550 1617 2600 quid
1641 2514 1861 2600 cigufficare
1885 2556 2048 2599 praeter
2070 2547 2170 2595 hoc,
2203 2546 2283 2584 Dei

233 2600 434 2651 cujusdam
500 2598 673 2652 γχωρίου
717 2598 823 2650 apud
854 2599 1154 2650 Amyclaeenses
1199 2611 1308 2638 sacra
1353 2613 1376 2638 a
1423 2598 1684 2637 Doriensibus
1716 2598 1888 2636 Laconia
1929 2598 2071 2648 potitis
2108 2595 2285 2648 Apollini

360 2693 390 2733 ι)
411 2691 556 2726 (hadita
575 2696 628 2726 est
647 2690 782 2742 Croton
802 2689 1004 2724 auctoritate
1023 2689 1054 2722 A
1102 2689 1195 2742 llinis
1215 2689 1281 2723 Del
1305 2688 1389 2725 hici.
1404 2688 1448 2723 de
1468 2688 1556 2741 ονίςε
1577 2690 1715 2722 Tan-ent.
1734 2699 1770 2732 p.
1791 2689 1850 2730 4¹7.
1886 2687 1942 2720 De
1967 2688 2067 2722 cultu
2088 2686 2157 2721 nei
2187 2684 2287 2738 apud

234 2733 449 2768 Crotoniatas
476 2734 555 2786 vide
580 2735 738 2784 Pei-gaon.
756 2732 802 2766 ad
822 2731 902 2768 Ael.
920 2734 969 2768 V.
987 2733 1033 2767 H·
1134 2735 1188 2768 ²6·
1228 2733 1269 2766 ln
1343 2741 1620 2806 πεζῇ.ἒὲοέιέἓέ
1640 2730 2164 2808 ὢὲοιιῒιὸιὲιξὲαιωζιιὲιῗη
2183 2727 2287 2815 Ἥ

232 2818 348 2853 neseio
366 2786 413 2851 ¹3an
432 2775 741 2859 Qffi‘h.
763 2828 831 2850 vox
849 2775 1185 2851 affl¹132212¹3⁶
1204 2775 1559 2861 ξοῗξζοῃῗμοῑιιιιω
1580 2815 1690 2865 ἀίεις.
1711 2821 1764 2848 est
1783 2814 1945 2859 Amyclae
1965 2814 2054 2848 anu.
2073 2782 2285 2889 μου.

231 2861 307 2903 111..
329 2863 382 2902 10,
407 2860 440 2895 ὅ.
460 2855 670 2902 Ἀμυκλαῖον
688 2857 835 2895 παιδίον.
855 2860 966 2905 Toup.
987 2860 1032 2893 ad
1051 2859 1195 2893 Tbeocr.
1215 2865 1299 2894 tom.
1320 2858 1363 2892 11.
1383 2870 1417 2903 p.
1433 2857 1507 2900 452-
1527 2868 1580 2904 sq.
1601 2857 1783 2891 Heindorf.
1797 2856 1843 2891 cf.
1867 2856 2006 2890 Fischer
2026 2856 2070 2889 ad
2112 2854 2284 2898 mephat.
