2468 3070
1619 5 1623 8 <
1681 0 1703 11 ‘x
1778 0 1782 2 ·
1862 0 1866 4 ν
1885 0 1890 1 ’
2040 0 2046 5 ⁴
2056 0 2081 11 ,ψ
2169 3 2173 7 .
2253 0 2290 7 >v-
2296 0 2468 19 *W*

201 132 260 168 vit
286 132 381 169 artis
407 132 580 169 studium
605 133 646 169 in
671 132 822 170 civibus
850 133 924 169 etsi
952 132 1226 182 degenerando
1254 132 1303 169 ad
1328 132 1472 181 Pyrrhi
1498 139 1679 184 tempora
1704 146 1850 186 usque,
1893 135 2031 175 clausit
2055 139 2177 190 igitur
2201 153 2272 178 rex

200 180 268 218 ille
293 182 488 231 gymnasia
513 182 714 219 Plutarch.
740 181 877 229 Pyrrh.
904 184 981 226 16..
1009 194 1084 218 non
1113 183 1217 219 enim
1242 182 1422 224 dubites.
1450 183 1543 266 {uin
1569 191 1732 232 praeter
1758 198 1876 221 unum
1902 185 1998 221 illud
2022 190 2271 236 gymnasium,

202 230 313 266 cu‘us
351 231 594 268 mentionem
633 231 760 279 injicit
798 231 938 267 Strabo
976 238 1071 268 tom.
1100 233 1144 268 11.
1200 261 1209 272 .
1236 232 1323 268 285.
1350 233 1454 268 'I'zsc
1485 259 1494 269 .
1528 232 1753 281 complures
1790 232 1939 271 fuerint
1976 237 2192 283 palaestrae
2223 240 2272 276 ad

199 244 438 317 Atlienarum
475 281 696 331 exemplum
737 280 984 320 constitutae.
1035 245 1218 331 Xenopl..
1245 280 1294 317 de
1326 281 1480 330 republ.
1508 280 1647 321 Athen.
1675 284 1732 328 ΙΙ.,
1769 283 1831 321 10.
1884 284 2050 322 Omnino
2083 291 2272 326 memoria

200 328 361 377 dignum
389 337 459 376 est,
485 337 609 367 totam
635 329 723 365 fere
750 330 979 366 orientalem
1007 329 1208 366 inferioris
1234 330 1365 366 Italiae
1394 343 1501 367 oram
1529 331 1783 380 gymnasticae
1802 332 1862 367 rei
1880 333 2009 369 studio
2027 335 2271 381 excelluisse,

199 389 279 427 quo
305 390 401 428 prae
441 379 526 416 aliis
553 379 698 416 Croton
733 378 936 416 nobilitata
974 386 1044 418 est.
1096 379 1227 428 Hujus
1252 378 1385 425 urbis,
1422 392 1470 417 ne
1504 379 1647 417 iterum
1681 391 1985 417 commemorem
2012 383 2196 421 Milonem
2231 392 2272 422 et

197 426 403 475 Phayllum
432 429 584 465 Corsini
612 429 776 478 catalog.
806 442 845 477 p.
873 430 959 465 134.
986 430 1070 468 136.
1098 431 1182 468 145.
1213 431 1299 468 151.
1326 431 1434 475 156..
1482 430 1587 467 cives
1621 437 1774 479 septem
1800 443 1873 466 una
1901 438 2011 467 erant
2039 430 2152 479 Olym
2184 434 2271 471 iade

201 476 385 517 victores.
436 477 577 513 Strabo
605 478 671 515 Vl.
698 490 736 527 p.
763 479 850 515 262.
881 478 1044 516 Casaub.
1071 478 1277 516 Jamblich.
1303 480 1367 515 vit.
1383 479 1546 528 Pythag.
1565 480 1640 523 44..
1667 479 1842 529 aliosque
1869 479 2066 516 recensuit
2094 481 2154 517 Go
2171 483 2271 519 tzius

197 524 307 563 Sicil.
336 534 376 563 et
401 528 523 576 Magn.
552 527 691 564 Graec.
721 541 760 576 p.
773 528 876 573 281..
915 527 1047 577 itaque
1073 528 1216 564 merito
1244 527 1369 564 dictus
1405 536 1463 565 est
1490 528 1800 566 Crotoniatarum
1843 528 2002 565 ultimus
2044 537 2270 567 ceterorum

200 575 442 612 Graecorum
469 576 629 625 primus.
656 576 799 612 Strabo
828 577 854 611 l.
870 588 903 614 c.
923 578 1080 612 Miinter
1106 577 1217 615 Velia
1237 578 1384 626 p.9.⁵).
1412 577 1527 626 Apud
1554 578 1774 614 Locrenses
1799 576 2015 625 Euthymus
2041 578 2186 616 athleta
2213 579 2269 616 di-

198 624 307 662 vinos
334 625 372 660 in
402 625 479 661 vita
508 638 576 661 sua
611 628 763 674 accepit
800 624 981 661 honores.
1034 626 1132 666 Plin.
1163 633 1238 665 nat.
1266 625 1355 662 hist.
1384 625 1480 669 Vll..
1504 627 1565 663 48.
1594 627 1727 662 Micali
1753 634 1848 665 tom.
1877 627 1939 664 111.
1964 640 2003 675 p.
2030 629 2118 667 168.
2144 630 2269 677 Heyn.

198 686 335 724 opusc.
362 681 458 710 tom.
483 675 525 711 ll.
555 688 593 723 p.
619 675 681 710 61.
733 674 903 712 Videtur
933 673 1029 710 mihi
1065 675 1078 709 i
1110 687 1150 710 sa
1184 675 1287 711 ae'ris
1322 675 1534 724 temperies
1573 674 1797 712 felicissima
1835 675 1874 711 in
1899 675 1959 711 his
1987 676 2120 713 ltaliae
2146 678 2270 735 plagis

199 722 481 760 corroborasse
509 723 707 759 hominum
735 735 870 771 genus,
898 736 982 759 nam
1011 731 1051 760 et
1079 688 1198 760 ilodie
1226 736 1304 761 non
1330 725 1454 760 minus
1484 724 1599 760 validi
1626 737 1741 774 quam
1768 723 1930 761 formosi
1957 732 2046 761 sunt
2072 726 2270 764 Calabriae

198 773 365 818 incolae,
392 773 512 809 sicuti
540 772 631 808 olim
658 772 908 809 Crotoniatae
936 772 1019 810 Cic.
1049 772 1098 809 de
1125 774 1272 811 invent.
1299 775 1359 819 IL,
1393 775 1415 809 1
1445 780 1485 809 et
1509 776 1685 810 Lacones
1712 772 1892 822 Xenoph.
1921 773 2097 822 respubl.
2126 776 2269 815 Laced.

196 822 262 867 V..
287 823 337 867 9.,
362 821 418 857 ita
445 828 491 857 ut
519 820 694 870 corporis
718 821 833 871 vigor
858 821 906 858 ad
933 828 1039 859 artes
1067 822 1258 872 gymnicas
1282 821 1458 859 homines
1486 823 1725 873 provocarit,
1752 822 1818 859 ille
1845 834 1940 859 vero
1967 822 2105 860 iisdem
2132 832 2268 862 auctus

197 871 256 908 sit.
283 871 425 910 Strabo
451 871 477 908 l.
504 883 538 911 c.

1050 923 1093 970 2)
1142 922 1223 959 Ars
1258 924 1414 963 musica.

347 987 400 1023 Ut
427 987 598 1036 gymnica
624 994 708 1024 arte
735 986 885 1024 firmari
913 1000 1102 1037 corpora,
1146 987 1200 1024 ita
1232 999 1328 1036 prae
1367 987 1510 1024 ceteris
1547 987 1695 1025 artibus
1721 989 1867 1025 musica
1893 996 2062 1026 mentem
2089 989 2267 1026 exerceri

198 1035 380 1072 arbitrati
407 1044 497 1072 sunt
523 1043 699 1081 veteres,
741 1037 1066 1086 quemadmodum
1094 1037 1178 1085 ipse
1206 1036 1395 1073 docuerat
1421 1037 1697 1083 Aristoxenus,
1734 1038 1919 1074 musicam
1947 1050 2031 1074 esse
2059 1038 2161 1075 vitae
2188 1038 2267 1074 hu-

197 1092 332 1121 manae
362 1086 663 1122 emendatricem
691 1086 833 1122 Strabo
862 1088 887 1121 1.
915 1099 955 1135 p.
985 1087 1046 1124 16.
1079 1085 1241 1123 casaub.
1267 1084 1403 1134 fragm.
1431 1086 1580 1122 Mahnii
1606 1100 1645 1135 p.
1674 1088 1759 1125 159.
1810 1087 1915 1123 Nihil
1955 1087 2076 1137 igitur
2111 1087 2265 1134 mirum,

196 1133 387 1170 musicam
415 1142 537 1171 artem
564 1148 584 1171 a
610 1136 834 1171 Tarentinis
864 1134 1037 1170 omnium
1067 1135 1206 1170 artium
1234 1134 1500 1171 amantissimis
1527 1147 1613 1171 esse
1640 1136 1851 1182 excultam,
1897 1148 1983 1172 cum
2011 1136 2075 1172 vel
2102 1149 2123 1172 a
2146 1137 2266 1172 Lace-

195 1183 414 1219 daemoniis
450 1185 627 1234 corporis
664 1183 789 1233 pluris
825 1197 939 1233 quam
971 1184 1113 1219 mentis
1150 1183 1298 1219 cultum
1338 1184 1627 1220 aestimantibus
1653 1185 1811 1221 minime
1837 1186 2015 1234 neglecta
2042 1192 2082 1220 et
2108 1184 2266 1233 postha-

193 1231 277 1269 bita
305 1232 356 1269 sit
384 1233 533 1270 Mtiller
557 1235 654 1272 Dor.
681 1240 775 1269 tom.
802 1232 847 1271 ll.
875 1246 912 1282 p.
927 1233 1003 1269 320
1016 1245 1086 1283 sq.‚
1113 1238 1154 1268 et
1179 1234 1400 1269 Locrenses
1425 1234 1595 1270 musicae
1621 1233 1733 1270 laude
1759 1234 2074 1284 praecelluerint.
2102 1233 2265 1270 Boeclih

195 1282 342 1332 explic..
365 1282 415 1318 ad
442 1283 552 1319 Pind.
576 1296 664 1332 pag.
693 1283 778 1319 197.
829 1283 881 1318 Ut
907 1282 984 1319 hoc
1011 1282 1101 1318 loco
1130 1282 1305 1317 omittam
1334 1284 1542 1318 Tarantem
1574 1282 1737 1320 heroem
1770 1284 1919 1320 cithara
1954 1291 2019 1319 aut
2046 1284 2126 1331 lyra
2154 1295 2264 1319 orna-

196 1339 278 1368 tum
306 1331 347 1367 in
374 1333 560 1377 nummis,
596 1344 712 1381 quem
738 1330 836 1367 falso
864 1344 938 1380 pro
966 1331 1112 1368 Arione
1139 1331 1213 1368 viri
1239 1330 1346 1367 docti
1372 1330 1615 1377 habuerunt,
1643 1332 1801 1369 videtur
1827 1339 1956 1379 tamen
1981 1331 2029 1368 ad
2055 1339 2158 1368 artes
2183 1345 2266 1368 mu-

196 1381 297 1417 sicas
324 1381 531 1430 respicere
549 1393 723 1416 nummus
736 1381 967 1417 Tarentinus
995 1379 1019 1415 fi
1050 1393 1160 1415 uram
1187 1379 1379 1415 exhibens
1407 1380 1574 1427 virilem,
1602 1393 1700 1430 quae
1726 1395 1841 1417 manu
1867 1389 1977 1417 tenet
2003 1381 2198 1429 plectrum
2227 1387 2267 1416 et

198 1442 333 1468 coram
356 1429 575 1487 pardalum,
629 1430 669 1465 ui
696 1441 782 1465 sese
819 1429 991 1466 demittit
1023 1393 1165 1464 {lande
1191 1428 1365 1464 Mionnet
1401 1428 1528 1465 deser.
1557 1443 1660 1468 num.
1686 1437 1781 1470 tom.
1809 1432 1837 1467 1.
1864 1444 1902 1480 p.
1934 1430 2043 1475 147,
2095 1430 2265 1466 musicae

197 1479 300 1516 enim
326 1492 367 1516 vi
398 1479 461 1517 vel
488 1478 592 1515 ferae
644 1480 764 1516 esti'ae
800 1479 971 1515 domitae
1008 1491 1094 1515 esse
1131 1478 1361 1515 dicebantur
1397 1486 1437 1515 et
1473 1478 1520 1515 ab
1552 1478 1717 1529 Orpheo
1746 1488 1786 1517 et
1812 1480 1858 1516 ab
1885 1480 1978 1517 aliis.
2030 1479 2193 1516 Siebelis
2218 1479 2266 1515 ad

195 1529 391 1565 Hellenic.
418 1542 459 1578 p.
486 1529 556 1564 131
585 1541 639 1579 sq.
692 1530 751 1564 An
777 1528 923 1564 musica
951 1527 1161 1565 certamina
1188 1527 1390 1564 Tarentini
1425 1528 1665 1565 instituerint
1692 1542 1765 1578 pro
1800 1536 1908 1565 certo
1941 1540 2020 1565 non
2047 1527 2264 1565 affirmave-

195 1580 284 1622 rim,
312 1585 403 1614 sunt
430 1585 556 1614 autem
582 1590 630 1614 ex
656 1578 751 1615 viris
778 1578 947 1613 musicae
974 1577 1088 1613 laude
1114 1578 1279 1613 maxime
1307 1578 1525 1626 conspicuis
1552 1579 1726 1615 nonnulli
1748 1579 1874 1628 patria
1892 1578 2113 1623 Tarentini,
2140 1577 2177 1613 in
2202 1577 2264 1615 his

193 1627 443 1664 Nicocles
471 1627 641 1663 incertae
668 1626 804 1663 aetatis
832 1626 1081 1663 citharoedus
1109 1624 1143 1671 ⁶)
1172 1625 1342 1662 omnium
1369 1627 1734 1675 praestantissimus,
1762 1628 1826 1664 cui
1852 1627 1945 1676 ipsis
1972 1627 2146 1673 Athenis,
2184 1638 2263 1677 quo

195 1678 271 1715 iter
299 1676 443 1714 fecisse
476 1676 652 1724 videtur,
689 1676 736 1714 ad
763 1676 864 1714 viam
891 1688 1039 1713 sacram
1067 1675 1265 1713 conditum
1291 1683 1585 1712 monumentum
1613 1684 1707 1716 erat.
1759 1678 1921 1715 Pausan.
1947 1678 1987 1723 1.‚
2013 1677 2075 1721 37,
2102 1677 2138 1712 1.
2174 1677 2264 1712 He-

193 1727 416 1763 raclitus
445 1727 677 1763 Tarentinus
714 1734 870 1763 cantans
910 1726 1096 1762 citharam
1130 1725 1310 1774 pulsabat
1349 1725 1388 1760 in
1426 1726 1571 1774 nuptiis
1599 1725 1808 1762 Alexandri
1834 1725 1975 1762 Athen.
2004 1726 2085 1764 XII.
2114 1738 2153 1774 p.
2177 1726 2266 1763 538.

194 1776 236 1823 fi,
263 1783 307 1812 ut
337 1775 528 1825 colligere
554 1776 692 1825 possis,
721 1788 796 1811 non
822 1788 913 1811 raro
939 1774 1107 1811 artifices
1134 1774 1365 1811 Tarentinos
1392 1775 1621 1824 peregrinas
1646 1782 1772 1811 terras
1799 1786 2039 1824 peragrasse.
2072 1773 2263 1823 Reliquo-

193 1839 281 1862 rum
311 1825 473 1875 quidem
499 1826 735 1862 musicorum
763 1826 919 1861 nomina
945 1832 1105 1873 praeter
1132 1825 1323 1873 Euangeli
1351 1825 1383 1870 ⁷)
1411 1823 1488 1859 fata
1514 1824 1627 1859 nobis
1655 1824 1898 1867 inviderunt,
1940 1822 2010 1858 sed
2041 1822 2263 1871 praeclarae

195 1882 350 1911 exstant
378 1873 541 1910 notitiae
568 1874 615 1910 de
643 1875 964 1910 Aristoxeno
991 1873 1162 1909 musicae
1191 1874 1283 1909 artis
1310 1872 1518 1920 scriptore,
1548 1872 1770 1908 Aristotelis
1796 1870 1986 1917 familiari,
2013 1872 2087 1921 qui*
2106 1871 2264 1907 Tarenti

194 1932 308 1960 natus
335 1923 435 1960 vixit
461 1924 668 1959 Alexandri
694 1925 823 1973 Magni
850 1931 1045 1973 tempore.
1073 1921 1208 1971 steph.
1231 1924 1323 1970 Byz.
1356 1915 1509 1970 ’λ’(ἱρας.
1537 1921 1643 1960 Suid.
1669 1915 1966 1970 ’Λριστόξενος.
2018 1922 2264 1957 Recensetur

195 1973 241 2010 ab
270 1973 432 2009 Aeliano
463 1971 512 2007 de
540 1980 614 2008 nat.
642 1974 753 2008 anim.
781 1975 838 2018 ΙΙ.,
866 1974 926 2011 11.
955 1973 1213 2008 Aristoxenus
1241 1972 1344 2006 inter
1368 1971 1635 2019 pulcherrime
1661 1971 1807 2006 musica
1834 1970 2008 2007 eruditos
2037 1981 2124 2005 cum
2152 1976 2264 2017 patre

194 2022 409 2072 Spintharo
455 2020 579 2069 (Suid.
610 2022 635 2060 l.
665 2035 700 2061 c.
727 2022 930 2060 Villoison.
968 2020 1100 2058 a'necd.
1127 2022 1180 2066 1.‚
1220 2019 1282 2058 72.
1334 2019 1474 2056 Mahne
1520 2021 1597 2057 vita
1635 2020 1807 2057 AristOX.
1834 2033 1872 2069 p.
1898 2021 1923 2055 9
1949 2019 2047 2069 sq),
2091 2019 2264 2055 Damone

195 2070 426 2109 Atheniensi
464 2072 601 2115 (Corn.
630 2073 728 2120 Nep.
755 2073 890 2120 Epam.
919 2073 977 2115 ΙΙ.,
1006 2071 1042 2106 1.
1068 2068 1267 2105 Plutarch.
1295 2068 1344 2105 de
1370 2082 1467 2105 mus.
1496 2070 1599 2116 16),
1637 2069 1860 2117 Xenophilo
1889 2067 2131 2105 Chalcidensi
2159 2067 2264 2115 (val.

195 2121 430 2167 Max.V111.,
456 2120 506 2157 13
533 2126 612 2159 ext.
640 2121 675 2159 3.
702 2120 799 2157 Plin.
828 2127 906 2158 nat.
933 2119 1026 2158 hist.
1053 2119 1150 2166 Vll„
1176 2119 1238 2157 50.
1267 2119 1427 2158 Lucian.
1447 2118 1724 2165 Macrob.18.],
1751 2117 1972 2156 Aristoxeni
1998 2124 2261 2168 praeceptore

196 2171 324 2219 (Suid.
355 2171 380 2207 l.
409 2182 445 2208 c.
473 2169 611 2206 Mahne
639 2185 677 2219 p.
705 2172 791 2208 148.
820 2170 872 2206 cf.
901 2170 1051 2205 Fabric.
1079 2169 1172 2205 bibl.
1201 2181 1330 2216 grace.
1361 2171 1390 2207 1.
1415 2183 1455 2218 p.
1481 2170 1726 2216 879.,Harl.)
1755 2177 1794 2205 et
1820 2168 2048 2205 Philoxeno.
2077 2168 2261 2205 Perizon.

196 2220 244 2257 ad
271 2220 358 2257 Ael.
383 2220 432 2259 V.
458 2220 509 2259 H.
538 2220 600 2265 X..
626 2222 662 2257 9.
719 2221 770 2256 At
796 2219 911 2268 hujus
940 2218 1013 2257 viri
1039 2225 1220 2268 tempore
1248 2217 1325 2267 jam
1352 2217 1609 2268 corruptione
1640 2217 1785 2255 infecta
1821 2224 1905 2255 erat
1932 2229 1993 2254 ars
2005 2215 2179 2261 musica,
2221 2221 2265 2252 ut

197 2271 302 2306 enim
339 2270 425 2317 ipse
463 2270 516 2305 ait
541 2270 797 2307 Aristoxenus
825 2270 874 2307 ἐν
898 2275 986 2311 τοῖς
1014 2274 1262 2319 συμμικτοῖς
1292 2275 1580 2319 συμποτικοῖς-τ
1634 2267 1961 2319 quemadmodum
1994 2265 2262 2302 Posidoniatae

197 2376 224 2414 ⁵)
247 2374 316 2407 Sed
338 2371 540 2414 εὔστέφανον
561 2373 731 2414 Κρότωνα
754 2375 855 2408 Dion.
888 2376 1022 2418 Perieg.
1045 2377 1121 2409 369.
1146 2384 1227 2405 cave
1254 2385 1298 2406 ne
1334 2386 1409 2406 cum
1438 2374 1613 2406 Eustatbio
1642 2374 1686 2406 ad
1713 2374 1735 2407 l.
1761 2384 1791 2406 c.
1814 2372 1857 2404 ad
1885 2370 1983 2404 Iliad.
2004 2383 2034 2403 τ.
2056 2382 2092 2413 Ρ.
2122 2370 2263 2405 1175.1.

196 2417 298 2450 Rom.
319 2416 448 2447 reseras
472 2415 515 2446 ad
537 2416 694 2446 victorias
717 2416 918 2466 Olympicas,
942 2428 1018 2448 cuni
1041 2416 1153 2460 potius
1175 2426 1292 2446 muros
1314 2421 1444 2458 spectet
1465 2417 1576 2459 Heyn.
1599 2426 1715 2458 opusc.
1740 2415 1788 2448 11.
1805 2426 1840 2458 p.
1865 2417 1949 2451 183..
1971 2422 2040 2455 quo
2063 2412 2191 2455 pariter
2212 2421 2263 2442 re-

199 2457 379 2491 ferendum
403 2463 453 2490 est
474 2456 738 2499 Πολενστέφανον
759 2465 937 2502 antiquum
960 2459 1165 2491 Praenestae
1189 2463 1222 2489 ct
1243 2457 1378 2490 Tiburis
1402 2469 1538 2490 nomen.
1563 2457 1688 2490 Strabo
1711 2463 1794 2492 tom.
1815 2457 1860 2490 ΙΙ.
1881 2468 1917 2498 p.
1942 2456 2014 2491 176.
2034 2453 2152 2488 Tzscb.
2174 2453 2262 2486 Plin.

199 2501 267 2539 111„
289 2512 321 2543 9.
348 2500 513 2544 Stephan.
536 2501 617 2542 Byz.
648 2503 784 2540 Τίβερις
809 2501 959 2533 ΒοεεΙιΙι.
981 2501 1024 2531 ad
1045 2500 1140 2531 Pind.
1165 2512 1198 2542 p.
1222 2502 1294 2539 248.
1321 2500 1407 2530 adde
1430 2500 1594 2543 Sopliocl.
1617 2500 1730 2543 Antig.
1757 2504 1829 2534 122.
1871 2496 2083 2538 Edorlqmuoe
2111 2494 2256 2536 Μυκήνη

199 2541 340 2574 heroina
363 2548 422 2575 est.
445 2541 545 2574 Hom.
572 2541 692 2585 Odyss.
716 2541 771 2581 ΙΙ.,
797 2545 868 2577 ῙΊΟ.
932 2543 961 2584 ⁶)
988 2541 1102 2574 Alium
1130 2541 1300 2586 quendam
1327 2541 1499 2575 Nicoclem
1529 2541 1662 2574 videtur
1692 2550 1882 2575 memorare
1911 2539 2090 2573 scholiasta
2111 2537 2261 2570 Platonis

199 2595 233 2626 p.
261 2586 333 2619 381.
354 2590 440 2617 extr.
463 2585 570 2618 Bekk.
591 2585 717 2615 Maline
740 2584 783 2616 de
805 2585 1009 2616 Aristoxeno
1031 2597 1064 2627 p.
1089 2587 1159 2624 142.
1224 2587 1249 2624 ⁷)
1272 2585 1371 2617 Juvat
1393 2585 1526 2616 referre
1549 2584 1591 2615 de
1613 2585 1784 2627 Evangelo
1807 2583 2004 2620 Tarentino,
2026 2580 2120 2631 quod
2143 2590 2182 2617 ex
2197 2581 2263 2611 Lu-

199 2625 297 2656 ciano
320 2625 452 2658 advers.
475 2625 601 2658 indoct.
622 2629 672 2657 8s
700 2648 710 2659 .
733 2632 878 2657 constat.
909 2627 1100 2668 Euangelus
1123 2626 1354 2658 citharoedum
1375 2625 1496 2669 Pythia
1517 2635 1553 2658 se
1576 2625 1740 2656 victurum
1757 2635 1840 2665 esse,
1860 2623 2114 2657 blandientibus
2137 2621 2262 2659 amicis,

199 2676 397 2710 persuasum
419 2667 584 2708 habebat;
605 2637 781 2712 prollectus
804 2668 909 2712 igitur
932 2668 1101 2711 Delphos,
1138 2668 1261 2711 insigni
1284 2673 1319 2700 et
1339 2668 1514 2701 luxurioso
1536 2673 1662 2700 ornatu
1683 2667 1835 2706 indutus,
1868 2677 1944 2699 cum
1968 2666 2095 2698 cithara
2115 2662 2263 2713 mirabili

201 2714 275 2740 arte
298 2709 449 2740 confecta
470 2710 663 2754 ingreditur
692 2720 829 2742 scenam
858 2716 937 2751 post
959 2710 1108 2753 'l'liespin
1130 2711 1345 2750 Thebanum,
1388 2710 1613 2742 admiratione
1641 2715 1849 2752 spectatores
1878 2708 2030 2751 implens.
2075 2705 2262 2755 Sed-idem

249 2761 307 2781 um
333 2750 474 2793 pessime
497 2758 529 2783 et
551 2762 673 2785 canere
697 2758 730 2784 et
751 2752 878 2785 ludere
894 2752 1088 2796 incepisset,
1109 2752 1192 2785 risui
1216 2752 1279 2785 fuit
1300 2753 1467 2793 omnibus,
1489 2752 1535 2785 ita
1557 2758 1596 2785 ut
1617 2751 1807 2785 certaminis
1828 2750 1949 2784 arbitri
1969 2749 2015 2782 ob
2036 2748 2182 2781 hominis
2204 2756 2260 2796 au:

200 2760 332 2826 Edam
354 2791 431 2823 irati
455 2803 472 2824 e
494 2794 630 2827 theatro.
649 2806 725 2827 eum
750 2795 912 2835 ejicerent
937 2796 1080 2839 flagellis
1102 2796 1331 2827 verberatum.
1373 2797 1455 2827 Post
1478 2806 1556 2827 eum
1578 2795 1751 2838 ingressus
1772 2794 1932 2827 Eumelus
1954 2793 2079 2830 Eleus,
2116 2788 2258 2831 simplici

200 2840 326 2868 ornatu
348 2833 498 2873 indutus,
520 2837 599 2866 artis
622 2836 761 2868 solertia
781 2837 890 2869 victor
911 2838 1129 2882 Evangelum
1145 2837 1280 2870 derisit..
1315 2837 1557 2870 Narrationem
1579 2836 1751 2882 respicere
1772 2836 1908 2869 videtur
1929 2838 2051 2866 auctor
2072 2830 2116 2863 ad
2130 2830 2258 2862 Heren-
