2468 3070
1221 92 1272 129 18

211 202 353 239 devota
378 198 453 238 suit
479 199 630 246 Cereri,
656 204 702 236 ut
726 198 837 237 Deae
872 198 1080 237 simulacro
1106 198 1145 235 in
1170 199 1334 237 nummis
1361 198 1439 236 suis
1465 210 1603 236 vocem
1631 198 1792 235 adderet
1816 196 1992 248 σωτηρία
2020 199 2068 243 ¹⁹)
2095 198 2120 234 i.
2149 209 2183 234 e.
2208 206 2272 233 sa·⁴

207 253 288 295 lus,
323 252 470 300 quippe
495 249 590 286 solis·
614 250 873 299 agriculturae
900 249 1041 300 opibus
1068 250 1317 299 locupletata.
1373 249 1494 287 Aliam
1521 249 1692 287 servavit
1717 249 1767 286 de
1792 249 1940 286 Cerere
1964 248 2170 285 Tarentina
2196 259 2266 284 no·

209 299 333 339 titiam
359 298 596 349 Hesychius,
639 298 706 351 qui
740 312 824 338 eam
860 306 901 338 et
938 312 957 337 a
988 298 1041 337 ud
1069 300 1302 337 Tarentinos
1337 306 1377 338 et
1402 297 1504 349 apud
1531 298 1789 349 Syracusanos
1814 298 1982 338 ἕπιλυσα
2002 296 2119 348 ιε’νην
2144 296 2264 334 tradit

210 351 351 387 dictam
389 363 496 396 esse,
537 363 616 399 quo
642 351 798 399 nom-ine
824 351 914 387 alias
976 349 1175 398 esignatur
1201 349 1349 397 ilithyia
1382 349 1644 399 parturientes
1673 363 1694 385 a
1721 349 1923 387 doloribus
1948 311 2138 394 ldie-rans,
2183 348 2263 385 sive

211 410 288 435 una
314 410 362 435 ex
387 399 548 448 Ilithyiis
567 397 626 435 οἲ.
656 399 773 438 Hom.
801 399 840 438 ΙΙ.
867 400 946 446 XL,
969 399 1056 444 27⁰,
1082 398 1141 434 uti
1166 410 1214 435 ex
1241 399 1380 435 eodem
1406 398 1603 446 Hesychia
1630 398 1765 447 liquet.
1818 400 1907 435 Mea
1932 399 2089 445 quidem
2115 402 2266 432 senten-

213 447 264 484 tia
292 461 335 485 ea
363 455 442 494 est,
494 448 539 485 ut
565 447 863 500 ἐπιλυσαμένης
888 460 1029 485 nomen
1084 448 1255 485 ertinere
1281 449 1405 486 dicam
1431 447 1478 484 ad
1515 447 1696 495 mysteria
1729 446 1905 485 homines
1947 446 2165 492 lustrantia,
2218 443 2266 481 ab

211 498 325 535 animi
352 497 587 534 cruciatibus
613 497 818 535 liberantia
845 505 885 535 et
911 496 1019 548 quasi
1075 509 1174 534 enuo
1208 497 1248 533 in
1272 498 1391 535 vitam
1415 497 1649 535 revocantia.
1703 496 1784 533 Cur
1809 498 1911 534 enim
1938 500 2074 547 Magna
2101 494 2268 532 Graecia

211 560 289 584 non
315 560 382 583 sua
406 546 589 583 habuerit
613 547 821 596 mysteria?
873 547 998 604 Quin,
1037 546 1109 583 nisi
1135 547 1320 584 audacior
1345 547 1450 584 visus
1476 545 1615 590 fuero,
1656 548 1867 583 Tarantem
1892 546 2056 583 heroem
2081 546 2264 588 velatum,

209 595 395 645 delphino
428 596 656 633 insidentem
692 598 731 633 in
765 609 921 633 nummo
948 596 1122 633 Mionnet
1150 598 1178 633 1.
1205 610 1244 646 p.
1275 598 1359 634 145.
1388 596 1435 634 ad
1461 589 1799 646 ἀνακαλυπτήρια
1825 596 2086 645 Proserpinae
2112 594 2263 631 retule-

215 645 312 690 rim,
356 645 495 695 quibus
538 658 633 695 prae
670 647 814 683 ceteris
851 645 965 683 terris
999 645 1129 683 Sicilia
1163 646 1362 683 nobilitata
1400 653 1473 684 est.
1526 646 1700 683 Boeclzh.
1728 646 1777 682 ad
1801 646 1914 682 Pind.
1945 645 2083 694 explic.
2113 657 2150 693 p.
2178 644 2261 679 123.

211 695 359 731 Miiller
399 695 559 745 Proleg.
586 708 624 744 Ρ.
650 696 725 732 155
749 708 805 745 sq.
857 695 1041 731 Meineke
1083 695 1264 744 Euphor.
1290 708 1329 744 p.
1356 697 1439 732 115.
1492 696 1649 731 Arctius
1683 707 1773 731 sane
1813 696 1915 731 inter
1958 706 2001 730 se
2036 694 2191 730 Cereris
2225 700 2265 728 ct

209 743 469 794 Proserpinae
494 756 602 780 sacra
627 744 975 795 conjungebantur.
1028 744 1210 783 Creuzer.
1239 744 1409 792 Symbol.
1426 745 1490 784 IV.
1519 757 1557 792 p.
1583 745 1670 783 301.
1722 747 1774 781 At
1802 756 1890 793 ego,
1919 744 1951 779 si
1977 743 2063 793 quis
2091 743 2261 779 velatum

211 794 416 832 Tarantem
443 793 537 831 nihil
559 807 649 848 esse
674 802 834 845 praeter
860 793 1110 845 navigationis
1135 793 1351 844 symbolum
1378 793 1638 841 contenderit,
1670 806 1747 832 uon
1773 792 2012 845 prohibebo.

1127 865 1173 913 8)
1202 866 1347 906 mana.

359 925 461 962 Nihil
485 925 630 963 evincit
656 925 706 963 de
735 925 842 962 cultu
855 925 1002 962 Dianae
1028 924 1139 961 locus
1163 925 1320 976 quidam
1343 925 1492 975 templi,
1520 925 1638 976 quod,
1665 939 1779 977 quam
1808 939 1896 972 uam
1924 926 1988 962 cui
2003 925 2089 961 Deo
2107 923 2263 959 Deaeve

211 986 363 1011 sacrum
388 975 509 1011 {uerit
536 975 733 1024 explorari
761 976 916 1026 nequit,
943 974 1093 1010 Dianae
1119 974 1240 1011 fuisse
1266 975 1385 1012 hodie
1412 975 1653 1013 contendunt
1680 976 1776 1025 oppi
1805 976 1866 1012 ani
1893 973 2107 1020 Tarentini,
2132 973 2198 1032 qui
2223 979 2263 1008 et

210 1024 312 1061 Solis
339 1032 379 1060 et
405 1025 587 1060 Herculis
616 1025 683 1059 ubi
711 1023 856 1060 fuerint
882 1023 996 1059 aedes
1022 1030 1281 1060 monstrantes
1307 1025 1416 1063 scioli
1446 1032 1545 1061 sunt.
1598 1026 1784 1061 Riedesel
1809 1025 1886 1061 iter
1911 1025 1950 1060 in
1976 1025 2100 1072 Magn.
2127 1023 2262 1058 Graec.

211 1087 296 1123 pag.
324 1074 409 1111 209.
450 1074 594 1110 Contra
620 1073 668 1109 ad
693 1073 866 1115 Dianam,
893 1071 1005 1122 cujus
1031 1080 1148 1122 caput
1174 1072 1214 1109 in
1238 1074 1400 1109 nummis
1427 1073 1686 1114 desideratur,
1713 1077 1857 1110 merito
1884 1072 2037 1109 referes
2064 1070 2261 1107 dimidium

212 1125 321 1159 lunae
356 1123 493 1159 orbem
520 1123 704 1160 Mionnet.
730 1124 756 1161 Ι.
783 1135 819 1172 Ρ.
847 1123 930 1159 140.
953 1121 1090 1171 suppl.
1118 1123 1144 1162 Ι.
1171 1136 1210 1172 Ρ.
1239 1124 1333 1170 2815
1369 1123 1483 1160 simul
1509 1124 1808 1173 conspiciuntur
1843 1122 1993 1173 globuli
2027 1121 2199 1159 Mionnet
2223 1132 2261 1169 p.

211 1174 304 1219 148,
349 1172 397 1208 de
420 1171 565 1243 guibus
599 1173 725 1208 minus
757 1178 917 1210 constat.
968 1171 1083 1207 Aliud
1109 1173 1254 1209 Dianae
1280 1187 1299 1208 a
1327 1173 1473 1222 populo
1500 1175 1710 1209 Tarentino
1747 1173 1875 1210 cultae
1902 1172 2087 1209 indicium
2114 1177 2172 1206 est
2199 1183 2261 1205 ur-

210 1222 268 1258 bis
295 1234 384 1269 pars
414 1215 637 1272 auivetpa
654 1249 664 1263 .
728 1221 804 1257 uod
832 1234 992 1267 nomen,
1029 1220 1194 1258 relatum
1219 1222 1268 1258 ad
1294 1223 1485 1259 Junonem
1514 1221 1560 1258 ab
1589 1222 1740 1270 Heynio
1768 1234 1904 1271 opusc.
1935 1223 1978 1257 Π.
2005 1234 2045 1271 Ρ.
2071 1220 2158 1264 230,
2187 1231 2261 1255 non

211 1270 343 1319 paucis
371 1270 601 1307 attributum
628 1234 781 1306 Dezibus
808 1270 980 1306 Boeclzh.
1006 1269 1054 1304 ad
1080 1270 1188 1308 Pind.
1213 1271 1354 1319 explic.
1381 1284 1420 1319 Ρ.
1439 1272 1525 1308 209.
1552 1272 1733 1320 equidem
1760 1271 2004 1320 potissimum
2031 1269 2078 1305 ad
2107 1268 2262 1303 Dianam

210 1321 459 1356 Tarentinam
491 1320 713 1364 retulerim,
760 1319 942 1368 quoniam
976 1318 1112 1355 cadem
1148 1319 1287 1355 eodem
1314 1319 1468 1356 nomine
1494 1318 1675 1368 insignita
1700 1320 1787 1356 Dea
1811 1319 2014 1356 colebatur
2040 1318 2078 1354 in
2105 1317 2264 1353 Dorien-

212 1371 318 1404 sium·
346 1368 506 1404 urbibus
541 1368 692 1405 Siculis.
730 1368 893 1405 Dorvill.
923 1367 1041 1405 Sicul.
1072 1368 1113 1404 11.
1140 1380 1179 1416 Ρ.
1206 1368 1282 1404 327
1306 1381 1366 1418 sq.
1391 1369 1478 1404 461.
1507 1368 1595 1406 562.
1620 1369 1796 1404 Creuzer
1832 1368 2003 1416 Symbol.
2031 1368 2098 1405 1V.
2118 1378 2164 1424 Ρ.
2191 1366 2262 1402 171

212 1430 269 1467 sq.
297 1419 434 1454 Exstat
458 1425 663 1467 praeterea
676 1416 861 1465 Hesychii
887 1415 1164 1463 testimonium,
1189 1418 1415 1454 Hecaten
1439 1416 1543 1465 apud
1567 1417 1797 1454 Tarentinos
1824 1416 1967 1454 dictam
1993 1428 2079 1453 esse
2105 1428 2262 1465 αφρατ·

214 1480 308 1513 ετον,
351 1467 675 1517 quemadmodum
701 1467 940 1515 Proserpina
973 1462 1151 1515 οἵρῤητος
1177 1460 1281 1518 κόρη
1309 1466 1541 1512 vocabatur,
1623 1467 1700 1503 uod
1740 1479 1884 1504 nomen
1911 1467 2069 1504 videtur
2094 1466 2262 1503 indicare

213 1517 417 1553 obscuram
455 1516 566 1553 simul
604 1524 644 1553 et
680 1515 910 1552 horribilem
945 1516 1109 1552 numinis
1144 1517 1233 1553 vim.
1261 1517 1435 1553 Creuzer
1460 1515 1601 1565 Symbo
1620 1545 1628 1554 .
1657 1517 1721 1555 1V.
1747 1529 1788 1566 Ρ.
1812 1516 1898 1554 325.
1950 1515 2046 1553 Mihi
2071 1528 2148 1552 non
2173 1515 2263 1551 satis

213 1573 380 1612 constat,
424 1579 470 1601 an
499 1566 634 1602 eadem
671 1565 793 1602 fuerit
818 1567 969 1602 Hecate
997 1566 1205 1602 Tarentina
1234 1578 1321 1602 cum
1349 1567 1468 1601 Diana
1494 1573 1560 1601 aut
1587 1567 1845 1615 Proserpina,
1881 1579 1974 1611 nec,
2020 1565 2199 1616 quoniam
2225 1565 2263 1600 iu

211 1616 355 1652 Dianae
384 1615 490 1651 cultu
516 1615 726 1652 multorum
761 1614 1216 1651 coalueruntnuminum
1251 1626 1358 1651 sacra
1386 1614 1527 1651 Miiller
1553 1615 1651 1650 Dor.
1677 1622 1774 1652 tom.
1803 1617 1830 1651 Ι.
1857 1627 1895 1665 p,
1919 1616 2025 1660 367..
2066 1614 2169 1650 unde
2195 1625 2264 1650 sua

213 1664 415 1701 Tarentini
451 1665 673 1713 acceperint
706 1662 820 1699 facilc
856 1671 987 1713 potest
1024 1664 1180 1713 conjici.
1243 1663 1457 1701 Colebatur
1492 1664 1662 1700 Artemis
1699 1666 1815 1701 etiam
1846 1664 1951 1714 apud
1977 1665 2263 1713 Metapontinos

211 1714 354 1764 Hygia.
382 1712 460 1751 fab.
488 1715 573 1749 186.
602 1721 641 1749 et
666 1712 864 1761 Rheginos
891 1712 1066 1760 Thucyd.
1093 1714 1170 1758 VL,
1193 1714 1254 1749 44.
1284 1713 1415 1751 collat.
1460 1713 1602 1748 Miiller
1627 1714 1723 1750 Dor.
1752 1722 1859 1752 tom.>
1877 1716 1904 1749 1.
1931 1727 1970 1762 p.
1994 1715 2082 1759 260,
2108 1714 2176 1749 sed
2201 1724 2265 1748 nc—

214 1776 292 1813 que
318 1763 504 1798 absonum
530 1770 605 1807 est,
632 1763 756 1797 Deam
785 1775 806 1797 e
833 1761 1004 1797 Laconia
1029 1763 1206 1808 (Pausan.
1234 1764 1313 1805 lli,
1340 1763 1401 1807 20,
1426 1762 1462 1800 7.
1478 1783 1523 1790 -
1539 1762 1600 1807 10,
1625 1763 1663 1800 8.
1716 1762 1897 1811 Palaeph.
1925 1763 2095 1807 XXXII..
2119 1763 2164 1807 6)
2193 1765 2264 1798 Ta-

213 1820 367 1848 rentum
393 1811 544 1847 allatam
571 1823 675 1856 esse,
703 1810 875 1860 quamvis
905 1822 982 1845 non
1008 1811 1226 1846 servaverit
1252 1810 1423 1846 indolem
1451 1809 1716 1858 Apollineam,
1744 1812 1891 1862 quippe
1919 1812 1994 1859 jam
2019 1811 2059 1847 in
2086 1811 2169 1859 ipsa
2194 1813 2264 1847 La-

212 1863 324 1899 conia
362 1860 519 1897 aliarum
554 1862 726 1897 Dearum
761 1860 870 1897 velut
904 1859 1154 1896 Britomartis
1189 1860 1361 1897 immixta
1396 1860 1528 1899 sacris.
1586 1861 1747 1897 Pausan.
1774 1862 1850 1907 111„
1878 1862 1939 1905 l-l»,
1966 1862 2003 1898 2.
2055 1855 2263 1910 Σώτειραν

212 1918 341 1949 auum
366 1922 445 1946 non
470 1909 682 1947 abhorrere
709 1922 729 1945 a
755 1909 873 1945 sacris
898 1908 1151 1945 Doriensium
1176 1909 1283 1947 bene
1305 1909 1497 1946 intellexit
1524 1909 1711 1947 Miillerus
1737 1910 1763 1949 l.
1793 1922 1826 1947 c.
1852 1923 1891 1960 p,
1918 1911 2005 1947 380.

1132 1979 1175 2028 9)
1207 1981 1333 2018 Vesta.

363 2041 505 2079 Vestae
532 2039 690 2090 quidem
717 2040 843 2077 cultus
869 2054 948 2078 non
974 2040 1051 2077 fide
1079 2054 1335 2086 nummorum,
1365 2041 1434 2077 sed
1461 2043 1602 2090 optimi
1627 2043 1799 2079 auctoris
1825 2043 2045 2081 testimonio
2061 2042 2261 2092 probatur.

214 2091 367 2129 Etenim
396 2089 536 2126 Cicero
568 2090 719 2127 Verrin.
745 2090 829 2135 1V.‚
856 2091 906 2127 60
932 2090 1035 2140 apud
1063 2092 1291 2128 Tarentinos
1327 2098 1519 2127 memorat
1553 2092 1697 2130 Vestae
1733 2092 1889 2137 aedem,
1928 2094 1969 2128 in
1999 2105 2076 2143 qua
2110 2091 2264 2140 insignis

210 2138 512 2192 pulchritudinis
525 2138 683 2187 Satyrus
704 2140 853 2189 positus
881 2146 976 2185 erat,
1004 2139 1108 2183 haud
1134 2140 1255 2177 dubie
1279 2140 1481 2177 clarissimi
1507 2139 1709 2188 cujusdam
1735 2140 1893 2178 artificis
1921 2153 2040 2191 opus,
2067 2141 2172 2192 quod
2189 2143 2263 2178 Ro-

209 2203 318 2227 mana
345 2189 503 2225 avaritia
530 2189 750 2225 Tarentinis
776 2189 925 2226 civibus
952 2190 1109 2238 eripere
1139 2190 1342 2239 dedignata
1369 2197 1462 2225 erat.
1503 2191 1669 2225 Perrara
1695 2190 1817 2225 fuisse
1843 2191 1883 2225 in
1911 2192 2076 2227 Graecia
2105 2199 2144 2227 et
2170 2198 2264 2225 tem·

209 2241 276 2290 pla
302 2246 342 2275 ct
368 2245 510 2273 statuas
540 2239 695 2284 Vestae,
721 2246 811 2287 post
837 2238 932 2274 alios
958 2239 1106 2275 monuit
1132 2238 1334 2274 Dissenius
1363 2238 1502 2286 explic.
1529 2238 1577 2274 ad
1602 2238 1714 2277 Pind.
1740 2252 1827 2288 pag.
1846 2239 1944 2282 477..
1972 2253 2200 2290 quamquam
2226 2239 2263 2274 in

210 2287 404 2338 prytaneis
431 2287 513 2321 Dea
542 2287 643 2323 culta
673 2294 743 2325 est.
794 2287 981 2326 Creuzer.
1032 2286 1204 2336 Symbol.
1233 2288 1278 2323 11.
1304 2301 1344 2337 Ρ.
1369 2288 1446 2324 627
1469 2300 1524 2337 sq.
1576 2288 1705 2337 Atque
1741 2295 1784 2323 ut
1817 2287 1949 2336 colligi
1984 2289 2131 2337 possit,
2163 2287 2262 2336 apud

210 2339 441 2378 Ciceronem
468 2336 611 2373 Vestae
638 2336 773 2372 aedem
799 2337 926 2385 ipsum
960 2336 1164 2385 designare
1198 2344 1448 2385 prytaneum,
1502 2349 1579 2372 non
1605 2344 1733 2373 tamen
1759 2336 1940 2386 improbo
1968 2338 2161 2387 singulare
2189 2339 2263 2374 Ta-

210 2386 312 2423 renti
338 2384 531 2420 exstitisse
562 2386 703 2422 Vestae
730 2385 939 2434 templum,
964 2385 1156 2422 rotundae
1184 2386 1360 2422 fortassis
1387 2385 1540 2421 formae
1566 2384 1618 2423 cf.
1646 2386 1747 2424 Plut.
1775 2388 1889 2425 Num.
1917 2387 1989 2433 ll,
2028 2386 2137 2436 quod'
2159 2385 2262 2435 apud

210 2435 378 2485 populos
407 2433 559 2470 Italicos
586 2434 775 2483 imprimis
803 2434 1009 2472 observata
1033 2442 1122 2471 sunt
1138 2437 1257 2472 ‘Deae
1283 2448 1415 2479 sacra,
1451 2434 1593 2471 deinde
1620 2436 1783 2472 Romam
1819 2435 2008 2473 traducta.
2056 2437 2178 2476 Varro
2212 2434 2262 2472 de

209 2485 290 2535 ling
326 2484 389 2519 lat.
414 2495 454 2532 Ρ.
480 2483 544 2521 22.
569 2483 658 2532 Bip.
689 2483 805 2522 Ovid.
831 2484 934 2521 Fast.
961 2485 1040 2530 Vl'.‚
1065 2485 1141 2520 26⁰
1158 2496 1214 2535 sq.
1265 2484 1381 2533 Apud
1408 2483 1609 2533 Rheginos
1637 2485 1796 2522 Vestam
1823 2485 1966 2522 cultam
1997 2497 2083 2523 esse
2117 2483 2263 2535 patefa-

209 2536 263 2572 cit
291 2532 482 2581 Smicythi
506 2532 712 2570 donarium
742 2534 1004 2584 Olympicum.
1055 2534 1219 2573 Pausan.
1244 2534 1310 2582 V.,
1334 2535 1396 2571 26.
1424 2534 1467 2572 2.

1116 2604 1183 2652 10)
1215 2604 1356 2644 Venus.

358 2662 522 2702 Veneris
555 2674 662 2699 sacra
699 2663 901 2712 maximam
932 2670 1086 2714 partem
1120 2663 1160 2699 in
1188 2664 1431 2700 Graecorum
1458 2664 1620 2701 urbibus
1659 2666 1861 2703 maritimis
1888 2666 2104 2717 repetenda
2130 2678 2220 2703 esse
2244 2681 2265 2703 a

211 2712 487 2758 Phoenicibus,
514 2719 624 2749 recte
651 2713 802 2751 monuit
820 2712 1014 2753 Mfillerus
1040 2714 1138 2750 Dor.
1167 2721 1262 2753 tom.
1286 2715 1313 2756 Ι,
1338 2727 1427 2763 pag,
1453 2715 1529 2752 4⁰5
1548 2727 1629 2764 sq..
1656 2714 1744 2752 fieri
1770 2716 1873 2754 enim
1901 2731 1925 2755 o
1956 2718 2095 2762 ortuit,
2127 2723 2174 2754 ut
2199 2715 2265 2754 ad-

211 2768 320 2798 aucta
366 2762 564 2808 opulentia
600 2762 775 2798 homines
811 2763 860 2800 ad
893 2773 1005 2799 sacrat
1037 2763 1169 2799 mollia
1206 2769 1247 2798 et
1281 2763 1480 2800 luxuriosa
1516 2763 1807 2804 delaberentur.
1869 2768 1910 2801 In
1940 2778 1963 2803 e
2005 2766 2170 2813 accidit,
2223 2773 2265 2800 ut

209 2873 351 2914 [gual-ra
373 2866 415 2898 de
437 2867 575 2916 pbr-atr..
590 2880 624 2911 p.
650 2871 719 2903 138.
776 2870 817 2909 ι’))
840 2870 944 2902 Ceres
973 2869 1116 2910 σώτειρα
1144 2872 1243 2903 etiam
1277 2872 1312 2903 in
1341 2871 1485 2903 nummis
1514 2872 1657 2904 aliarum
1678 2874 1816 2906 urbium
1839 2879 1900 2905 cst.
1944 2873 2094 2905 Creuzer
2112 2870 2262 2914 Symbol.

207 2914 271 2953 lv,
293 2923 328 2953 p·
351 2912 427 2945 310.
468 2908 576 2940 Simili
597 2911 701 2942 modo
728 2910 919 2944 Maronitas
945 2911 980 2945 in
1007 2912 1150 2945 Thracia
1179 2914 1348 2945 Bacchum
1373 2924 1471 2945 suum
1500 2913 1535 2946 in
1558 2912 1703 2948 n'ummis
1726 2921 1892 2948 vocarunt
1914 2913 2046 2955 σωτῆρσι
2068 2912 2267 2956 locupletati
