2468 3070
1214 80 1264 115 24

187 190 465 241 Alexandrini3
492 197 662 240 uterque
690 189 867 225 diversus
895 195 956 224 est
983 194 1023 224 et
1049 200 1070 223 a
1095 187 1270 224 Leonida
1299 187 1487 237 Byzantio
1513 187 1732 224 Metrodori
1759 189 1863 235 filio,
1890 187 2135 231 α’λιευτικῶν
2164 196 2259 232 scri-

188 251 305 293 ptore
332 239 477 278 Athen.
507 241 535 278 1.
564 252 603 287 p.
631 239 691 277 13.
720 250 754 276 c.
781 237 930 274 Aelian.
958 236 1007 275 de
1028 244 1106 276 nat.
1133 235 1247 275 anim.
1276 239 1339 284 tt,
1364 237 1572 283 6.5o.111.‚
1600 237 1659 274 18.
1672 238 1771 282 Xll„
1797 240 1862 280 42.
1890 249 1930 279 et
1955 255 1976 278 a
2002 242 2127 279 stoico
2153 245 2259 283 Rho-

189 291 255 327 dio
284 289 519 339 cognomine
546 287 688 323 Strabo
716 288 819 323 XIV.
847 300 886 335 p.
911 287 1001 326 655.
1030 287 1115 324 Cas,
1145 286 1375 322 Tarentinus
1401 286 1595 322 Leonidas
1618 298 1696 335 quo
1723 293 1905 335 tempore
1931 299 2044 328 natus
2070 294 2143 336 sit,
2171 304 2260 330 cum

187 347 372 378 accurate
399 337 559 389 quidem
594 335 750 374 definiri
777 343 968 387 nequeat,
1007 334 1128 385 ipsius
1154 342 1282 372 tamen
1312 335 1546 386 epigramma
1573 336 1675 374 XXI.
1700 334 1770 380 (cf.
1798 337 1951 384 ΧΧΙΙ.),
1980 353 2058 390 quo
2086 340 2260 379 celebra-

186 391 244 427 vit
270 389 412 437 Pyrrhi
438 386 644 424 victoriam
672 386 718 422 ab
748 388 944 433 Antigono
973 386 1146 421 Gonnata
1174 385 1425 421 Macedoniae
1451 397 1547 432 rege
1573 392 1814 432 reportatam
1842 388 2126 434 Justin.XXV.,
2154 393 2191 430 3,
2218 398 2258 427 et

188 438 393 476 Gallorum
419 443 530 473 scuta
556 435 596 470 in
623 435 772 484 templo
801 435 1005 470 Minervae
1033 432 1208 470 lthoniae
1236 445 1434 483 suspensa,
1464 433 1643 483 coarguit
1670 445 1759 470 eum
1786 435 1889 471 circa
1913 435 2257 487 Olymp.cxxV1.

190 487 371 524 floruisse
401 487 449 529 1⁷)
476 485 575 520 Plin.
606 492 685 522 nat.
713 484 803 520 hist.
832 485 909 526 XL,
935 484 1013 527 71„
1041 483 1075 518 si
1129 482 1261 518 uidem
1287 496 1365 518 non
1391 483 1498 518 lusus
1525 494 1638 518 causa
1664 483 1857 520 Leonidas
1884 485 1961 522 hoc
1988 498 2141 522 carmen
2170 499 2261 522 con-

191 535 301 575 didit.
330 534 381 571 οἳ.
405 535 569 573 Pausan.
601 535 643 578 L,
669 533 730 579 13,
758 533 795 568 2.
828 531 919 581 Maj.
943 531 990 567 ad
1019 531 1096 568 Dio
1127 531 1189 567 ori
1217 538 1394 581 excerpt.
1421 530 1552 569 Vatic.
1580 544 1619 581 p.
1646 531 1709 571 52.
1739 531 1855 572 Dind.
1883 534 2042 584 Pauper
2067 534 2143 571 fuit
2164 547 2260 585 poe·

189 594 241 630 ta,
270 597 350 634 quo
380 584 472 620 facit
500 591 657 631 praeter
684 582 921 630 epigramma
949 582 1050 619 Xlll.
1079 581 1140 627 id,
1180 580 1285 630 quod
1312 589 1371 616 est
1397 581 1638 617 tricesimum
1666 594 1684 615 a
1717 580 1770 616 ud
1795 583 2007 619 Leonidam
2034 585 2259 621 Alexandri-

189 648 294 679 num,
321 634 421 669 male
448 634 551 668 inter
578 632 661 681 ejus
689 631 859 667 carmina
886 629 1064 675 relatum,
1092 642 1181 666 cum
1207 629 1409 665 Tarentini
1437 630 1498 666 sit.
1540 632 1619 667 Aut
1644 629 1790 666 belum
1817 632 2072 669 Tarentinum
2096 640 2162 669 aut
2188 634 2261 670 alia

191 683 381 733 quaedam
409 682 567 718 fortuna
594 681 754 717 adversa
781 693 802 715 a
828 680 957 727 patrio
986 678 1070 715 solo
1097 679 1224 715 virum
1253 679 1434 725 abduxit,
1461 686 1505 715 ut
1530 679 1616 728 ipse
1643 679 1824 729 queritur
1849 681 1887 717 in
1914 681 2150 731 sepulchrali
2177 694 2258 719 car-

190 733 294 769 mine
320 731 471 782 [epigr.
500 732 571 779 C.)‚
599 729 705 781 quod
730 728 823 766 olim
850 727 924 763 sibi
950 728 1182 777 scripserat:

682 796 819 831 Πολλὸν
842 796 901 830 ἀπ’
922 795 1067 839 Ἰταλίης
1088 800 1202 840 κεῖμαι
1225 797 1361 839 χθονὸς,
1385 800 1421 831 ἔκ
1443 812 1479 832 τε
1507 797 1677 841 Τάραντος

771 850 918 894 πάτρης·
941 848 1040 883 τοῦτο
1069 848 1098 882 δ’
1115 850 1189 892 ἐμοὶ
1211 850 1413 894 πικρότερον
1434 849 1599 892 θανατοῦ,

686 900 839 936 vomi—froc
860 902 1011 936 πλανίων
1034 902 1132 945 (ἴβιος
1153 906 1238 946 βίος·
1261 901 1345 937 dizo?
1366 917 1411 946 με
1435 901 1572 936 Μοῦσαι

773 954 944 996 ἔστερξαν,
966 953 1093 997 λυγριῧν
1115 953 1143 987 δ’
1167 954 1245 989 ἄντι
1265 954 1423 998 μελιχρᾶν
1446 958 1520 996 ἔχω.

686 1005 813 1049 οὕνομα
836 1005 868 1039 3⁸*
888 1005 947 1039 οῦκ
969 1005 1076 1049 ἤμυσε
1097 1008 1280 1041 Λεωνίδου·
1305 1006 1389 1041 αὗταί
1411 1022 1454 1050 με
1476 1006 1567 1052 δῶρα.

770 1058 926 1100 κηρῦσσει
947 1063 1114 1093 Μουσέων
1135 1059 1268 1093 πάντας
1291 1058 1344 1093 ἐπ’
1366 1060 1505 1101 ηὲλιόυἳ,

344 1123 404 1162 Ad
431 1122 591 1160 eandem
618 1121 798 1159 carminis
825 1122 1054 1159 sententiam
1091 1120 1236 1158 referri
1267 1129 1402 1171 potest
1430 1123 1665 1173 epigramma
1692 1125 1794 1171 LV.,
1834 1137 1912 1174 quo
1939 1124 2097 1162 suadet:
2138 1125 2171 1161 si
2196 1127 2260 1161 cui

192 1175 313 1214 modo
341 1181 489 1210 tantum
516 1179 698 1221 suppetat
724 1171 843 1222 domi,
871 1178 1055 1222 quantum
1082 1170 1130 1207 ad
1155 1171 1276 1208 vitam
1302 1171 1395 1208 satis
1422 1179 1494 1220 est,
1520 1172 1593 1211 hac
1618 1181 1727 1210 sorte
1754 1174 1786 1210 is
1811 1174 1917 1211 vivat
1943 1180 2171 1219 contentus,
2200 1186 2261 1209 er-

193 1226 357 1264 raticam
382 1224 498 1260 vitam
526 1234 574 1258 ne
600 1224 736 1258 vivere
763 1228 886 1270 optet.

344 1275 452 1309 Haec
480 1272 528 1307 de
554 1272 631 1307 vita
659 1277 816 1319 poetae,
844 1270 893 1305 de
921 1269 1080 1318 scriptis
1108 1277 1148 1306 et
1174 1270 1330 1319 ingenio
1360 1270 1509 1319 optime
1535 1270 1725 1319 judicavit
1751 1271 1888 1308 heatus
1915 1273 2081 1321 Ilgenius
2106 1272 2169 1317 ¹⁸),
2196 1283 2261 1307 cu-

193 1326 255 1376 jus
282 1324 323 1359 in
359 1320 518 1357 brevius
555 1319 791 1356 contrahere
826 1319 944 1355 liceat
980 1318 1111 1356 verba.
1162 1321 1313 1368 Nempe
1340 1319 1438 1356 vixit
1463 1319 1657 1356 Leonidas
1693 1320 1836 1357 seriori
1863 1333 1907 1357 ac
1934 1320 2123 1358 deteriori
2150 1331 2260 1366 aei-0,

192 1388 272 1425 quo
302 1371 426 1408 omnis
453 1382 575 1419 paene
603 1370 752 1406 nativus
780 1375 820 1404 et
854 1368 1106 1417 incorruptus
1171 1369 1300 1405 ulchri
1337 1369 1502 1419 verique
1529 1382 1662 1406 sensus
1700 1378 1922 1407 evanuerat.
1976 1372 2060 1407 Jam
2093 1382 2167 1406 non
2201 1369 2259 1406 vi-

196 1423 341 1461 ctorias
370 1432 510 1456 ornare
537 1418 712 1454 solebant
739 1417 1072 1466 inscriptionibus,
1099 1381 1170 1454 seg
1196 1418 1303 1455 leves
1329 1431 1394 1454 res
1423 1425 1462 1455 et
1489 1417 1622 1454 futiles
1632 1431 1643 1465 3
1670 1432 1807 1456 verum
1826 1420 1975 1455 etiamsi
2001 1419 2163 1455 materia
2188 1430 2263 1467 per

195 1486 238 1511 se
265 1485 343 1509 non
370 1469 519 1517 indigna
547 1475 630 1504 erat
655 1467 796 1513 Musis,
822 1474 952 1504 tamen
981 1479 1076 1505 vere
1104 1475 1144 1505 et
1181 1467 1262 1504 sine
1290 1465 1381 1505 fuco
1408 1480 1472 1505 res
1500 1468 1778 1517 exprimendae
1806 1476 1915 1506 erant
1942 1481 2010 1515 eo,
2038 1481 2117 1519 quo
2146 1469 2262 1508 decet

194 1522 329 1559 modo.
385 1517 611 1566 Cujusmodi
636 1517 757 1552 rebus
791 1517 943 1553 levibus
972 1528 1016 1552 ac
1054 1517 1160 1553 tritis
1187 1531 1307 1567 quum
1338 1525 1378 1554 et
1403 1517 1601 1554 Leonidae
1628 1531 1735 1553 musa
1761 1530 1803 1554 se
1830 1519 2073 1564 exercuerit,
2118 1520 2260 1556 mirum

194 1585 275 1610 non
303 1577 373 1616 est,
401 1567 656 1605 cultissimum
684 1573 724 1603 et
751 1566 1034 1603 vividissimum
1060 1566 1258 1624 ingenium
1288 1568 1358 1613 ¹9),
1400 1579 1479 1618 quo
1507 1568 1543 1604 vi
1575 1567 1677 1604 uisse
1704 1569 1860 1617 poetam
1886 1568 2084 1617 praeclara
2112 1568 2262 1619 aliquot

197 1621 368 1659 carmina
395 1618 557 1661 docent,
603 1615 801 1652 interdum
832 1616 1046 1652 luxuriasse
1078 1628 1262 1666 viresque
1289 1630 1376 1652 suas
1404 1617 1530 1652 alieno
1548 1579 1645 1653 {oco
1673 1616 1897 1655 intendisse.
1951 1617 2053 1653 Hinc
2080 1618 2152 1654 ista
2181 1620 2262 1667 epi-

195 1671 399 1707 thetorum
426 1665 631 1713 congeries
659 1672 698 1701 et
725 1665 862 1708 moles,
891 1677 991 1714 quae
1018 1664 1189 1701 taedium
1217 1665 1359 1702 lectori
1385 1677 1522 1702 creare
1548 1666 1688 1714 possit,
1715 1672 1780 1701 aut
1793 1673 2037 1701 monstruosa
2055 1667 2263 1703 vocabulo-

196 1733 285 1756 rum
315 1716 560 1765 compositiO.
615 1715 713 1751 Sunt
738 1721 869 1749 tamen
896 1721 1055 1762 praeter
1083 1713 1224 1760 frigida
1252 1715 1421 1750 carmina
1448 1715 1565 1749 etiam
1591 1715 1735 1758 multa,
1769 1713 1809 1748 in
1837 1713 1978 1762 quibus
2006 1714 2177 1764 antiquas
2205 1716 2263 1752 Si-

196 1767 364 1807 monidis
393 1768 565 1804 Veneres
593 1764 746 1812 spirare
776 1762 945 1807 dixeris,
971 1763 1023 1799 ita
1050 1769 1093 1799 ut
1120 1763 1185 1799 alii
1211 1771 1355 1811 poetae
1382 1776 1426 1800 ea
1454 1763 1596 1798 imitari
1622 1776 1697 1799 non
1724 1761 2005 1809 dubitaverint,
2032 1764 2139 1800 velut
2166 1766 2263 1802 Pro-

196 1818 351 1868 pertius
378 1827 417 1852 v,
446 1814 602 1849 Salmas.
632 1812 680 1847 ad
707 1812 831 1850 Solin.
859 1826 901 1861 p.
928 1812 1041 1851 1088.
1069 1811 1108 1848 b.
1141 1812 1322 1848 Meiuehe
1349 1812 1396 1847 ad
1424 1811 1547 1860 epigr.
1575 1812 1636 1850 17.
1662 1812 1768 1860 llgen
1798 1823 1933 1859 opusc.
1956 1825 1995 1861 p.
2022 1813 2082 1851 10.
2134 1815 2264 1850 Inter-

198 1869 291 1905 dum
330 1863 471 1901 desinit
506 1862 545 1898 in
581 1873 766 1908 acumen,
808 1860 915 1911 quod
949 1859 1174 1897 facultatem
1209 1861 1404 1909 poeticam
1429 1860 1562 1911 prodit
1587 1873 1665 1898 non
1690 1859 1940 1902 mediocrem.
1992 1860 2141 1899 Eadem
2176 1862 2262 1902 fere

197 1915 389 1955 sententia
418 1913 466 1948 de
491 1911 662 1948 Leonida
687 1911 948 1948 Alexandrino
976 1910 1075 1946 ferri
1100 1917 1248 1960 potest,

960 1993 1004 2039 b)
1055 1993 1231 2030 Poesis
1282 1993 1502 2030 scenica.

347 2059 584 2097 Tarentinos
612 2058 760 2096 artibus
795 2058 957 2095 scenicis
993 2057 1165 2095 studiose
1192 2056 1345 2105 favisse,
1371 2057 1481 2094 testis
1510 2063 1567 2094 est
1591 2057 1730 2095 Cicero
1755 2070 1830 2108 pro
1855 2057 1974 2096 Arch.
1996 2070 2081 2109 cap.
2108 2060 2158 2106 5.,
2195 2061 2265 2099 ita-

200 2123 277 2162 que
305 2110 366 2147 vel
401 2111 438 2146 in
466 2109 631 2145 nummis
670 2109 901 2157 conspicere
938 2115 998 2144 est
1024 2120 1232 2156 personam
1258 2108 1461 2144 scenicam.
1489 2107 1675 2144 Mionnet.
1704 2115 1797 2145 tom.
1826 2110 1854 2146 Ι.
1884 2108 2081 2157 Supplem.
2111 2123 2152 2157 p.
2179 2112 2264 2149 28?-

200 2159 432 2198 Excitabant
460 2160 562 2194 enim
589 2158 648 2193 rei
676 2158 854 2193 scenicae
881 2157 1064 2203 studium,
1088 2165 1131 2193 ut
1150 2157 1253 2207 apud
1268 2156 1609 2202 Lacedaemonios,
1636 2156 1783 2193 Bacchi
1801 2157 1987 2192 solemnia
2002 2158 2150 2194 Miiller
2167 2161 2264 2197 Dor.

199 2219 295 2248 tom.
324 2211 349 2245 1.
379 2222 418 2257 p.
444 2209 517 2244 ⁴04
540 2221 596 2257 sq.
636 2208 781 2254 Grysar
808 2206 857 2243 de
888 2206 1066 2246 comoed,
1096 2208 1192 2246 Dor.
1219 2219 1258 2255 p.
1287 2207 1337 2243 22
1356 2219 1414 2255 sq.
1440 2207 1512 2251 ²⁰),
1540 2218 1584 2243 ea
1611 2205 1702 2242 dum
1730 2205 1991 2253 celebrantur,
2018 2206 2130 2244 ludos
2159 2209 2264 2247 cives

200 2258 404 2297 Tarentini
432 2257 656 2305 spectabant
684 2257 789 2293 Flor.
820 2258 861 2299 1.,
889 2258 949 2290 18.
976 2256 1052 2291 Dio
1082 2256 1183 2291 Cass.
1201 2255 1338 2303 fragm.
1356 2255 1484 2290 Ursin.
1505 2255 1601 2301 145„
1627 2268 1794 2305 quorum
1820 2262 1864 2290 ut
1892 2262 2054 2304 caperet
2080 2256 2265 2308 frequen-

200 2311 293 2347 tiam
320 2319 501 2356 magnum
530 2318 613 2342 esse
642 2305 821 2354 oportuit
847 2306 1101 2341 Tarentinum
1137 2304 1336 2341 theatrum
1373 2304 1540 2354 alioquin
1575 2304 1714 2354 populi
1741 2304 1994 2342 concionibus
2020 2304 2264 2348 destinatum.

200 2357 378 2396 Accessit
404 2355 592 2405 quaedam
620 2355 789 2390 Doricae
817 2356 942 2403 gentis
968 2355 1131 2404 propria
1158 2365 1328 2403 poeseos
1355 2354 1525 2390 comicae
1551 2354 1772 2400 aemulatio,
1799 2365 1898 2404 quae
1923 2355 2142 2393 Tarentinis
2169 2370 2267 2409 quo-

194 2426 647 2442 ,-,---.-.

202 2471 248 2503 ΙΙ.
267 2480 304 2511 p.
334 2469 395 2502 190
417 2477 468 2507 sq.
515 2466 568 2496 De
597 2465 769 2497 Leonidae
791 2466 965 2497 Tarentini
994 2466 1064 2497 vita
1093 2465 1170 2497 vide
1193 2464 1366 2496 Reiskium
1396 2465 1430 2495 in
1460 2465 1578 2497 notitia
1608 2471 1789 2506 poetarum
1819 2465 2049 2515 anthologiae‚
2087 2468 2267 2507 subjuncta

204 2510 355 2552 ejusdcm
377 2507 606 2551 Anthologiae
637 2517 780 2549 graecae
804 2518 823 2538 a
845 2507 1070 2539 Constantino
1095 2507 1244 2549 Cephala
1273 2506 1427 2538 conditae
1456 2518 1533 2551 pag.
1556 2510 1596 2550 49
1618 2519 1632 2539 s
1659 2530 1668 2541 .
1691 2506 1745 2539 ed.
1767 2506 1877 2540 Oxou.
1898 2507 2058 2540 Memeke
2079 2510 2207 2553 proluS.
2229 2520 2267 2560 p.

203 2554 250 2586 XI
273 2563 327 2595 sq.
367 2551 489 2581 Plures
511 2549 670 2581 indicavit
693 2549 871 2581 fabricius
892 2550 979 2583 bibl.
1000 2559 1110 2593 graec.
1134 2555 1215 2581 tom.
1239 2549 1302 2582 IV.
1324 2560 1359 2598 p.
1382 2553 1458 2585 479.
1478 2551 1575 2582 Harl.
1617 2549 1645 2581 l(
1658 2560 1711 2580 em
1734 2548 1888 2580 Reiskius
1910 2549 1934 2583 l.
1958 2562 1985 2582 c.
2007 2563 2042 2595 p.
2065 2553 2107 2584 85
2130 2562 2181 2594 sq.
2204 2552 2268 2584 (hs.

205 2594 334 2638 putaxit
357 2593 399 2625 de
421 2592 582 2624 Stratone
611 2591 827 2636 anthologiae
850 2598 972 2634 poeta,
993 2601 1073 2623 sane
1097 2590 1232 2623 diverso
1255 2602 1274 2623 a
1296 2603 1398 2623 muno
1422 2598 1542 2624 nostro
1572 2602 1612 2623 co
1638 2590 1785 2623 nomine.
1851 2592 1890 2632 17)
1912 2592 2164 2625 Alexandrinus
2186 2594 2268 2627 Leo-

207 2636 302 2667 nidas
328 2635 474 2667 Neronis
509 2640 619 2665 aetate
655 2635 738 2665 vixit
778 2640 835 2666 aut
877 2634 996 2667 serius.
1023 2633 1183 2665 Meineke
1205 2634 1332 2677 prolus.
1354 2647 1388 2678 p.
1409 2634 1514 2666 XXII.
1537 2634 1580 2666 cf.
1636 2634 1742 2677 ering.
1764 2633 1921 2668 obser-vv.
1943 2635 2050 2668 critic.
2072 2646 2106 2677 p.
2130 2635 2191 2669 186
2215 2648 2266 2682 sq.

207 2677 328 2710 Reiske
356 2677 389 2707 in
421 2677 595 2718 antholog.
618 2676 756 2719 Cephal.
778 2688 815 2720 p.
838 2679 879 2711 50
902 2687 954 2722 sq.
1020 2676 1062 2716 ¹⁸)
1085 2675 1125 2707 In
1153 2675 1299 2708 Poeseos
1322 2676 1493 2709 Leonidae
1522 2675 1694 2708 Tarentini
1723 2675 1907 2719 specimine
1928 2677 1966 2709 Li
1993 2688 2020 2709 S.
2044 2678 2155 2717 1785.‚
2221 2692 2266 2713 uo

208 2719 278 2764 agit
301 2718 342 2750 dc
368 2719 439 2756 cius
461 2719 495 2750 in
520 2720 693 2751 Venerem
716 2719 985 2762 Anadyomenen
1009 2718 1261 2763 epigrammate,
1281 2731 1383 2762 quam
1404 2719 1608 2751 carminibus
1630 2719 1888 2752 celebraverant
1909 2719 2088 2762 Antipater
2097 2720 2216 2754 Sidom

208 2760 369 2798 Archias,
391 2761 602 2794 Democritus
625 2767 658 2793 et
680 2762 846 2797 Julianus.
889 2764 1008 2807 Heyne
1038 2767 1235 2795 commentt.
1260 2762 1375 2794 societ.
1399 2762 1551 2806 Gotting.
1573 2761 1641 2795 vol.
1664 2763 1702 2794 X.
1750 2786 1757 2793 .
1784 2765 1853 2797 107.
1896 2760 2055 2804 Repetita
2077 2768 2127 2795 est
2147 2763 2267 2808 Ilgenin

209 2802 377 2849 expositio
402 2801 433 2831 in
458 2803 606 2841 ejusdcm
631 2804 693 2835 viri
716 2815 834 2850 opusc.
856 2805 976 2848 philol.
1000 2811 1083 2837 tom.
1109 2805 1135 2837 Ι.
1161 2817 1195 2849 p.
1223 2807 1346 2845 1-44.
1421 2805 1462 2845 ²⁹)
1485 2804 1521 2837 ἐν
1544 2803 1578 2837 δι’
1600 2805 1715 2838 Aenus·
1735 2817 1777 2837 εω
1800 2800 1967 2844 &abactis
1986 2806 2112 2838 κισσοῒο
2134 2804 2265 2847 κορῦμ-

205 2851 298 2890 ssove·
344 2843 402 2876 Sic
426 2843 599 2886 Meleager
621 2846 659 2882 1..
685 2849 744 2885 15„
766 2848 825 2878 ubi
848 2859 936 2890 quos
959 2847 1145 2879 caminum
1175 2857 1322 2879 coronae
1352 2857 1432 2878 suae
1455 2846 1637 2879 inseruerit
1659 2854 1776 2891 poetas
1801 2846 1950 2889 exponit.
2014 2849 2054 2887 ²⁰)
2076 2848 2205 2879 Eodem
2231 2847 2268 2877 li-

205 2893 271 2923 bro
292 2892 388 2921 recte
415 2885 507 2919 idem
537 2891 654 2917 auctor
682 2888 836 2928 conjicit,
878 2889 975 2921 simul
998 2901 1074 2921 cum
1096 2889 1232 2933 pompis
1255 2889 1423 2923 Bacchicis
1445 2889 1577 2922 fabulas
1602 2889 1655 2921 edi
1676 2889 1790 2922 solitas
1814 2898 1903 2928 esse,
1946 2900 2092 2933 quarum
2113 2893 2268 2921 naturam
